2362 3878
52 172 56 181 ¹
157 189 220 255 588
574 205 671 252 urani
686 205 713 250 ιι

155 359 265 457 piatur
286 356 455 442 angustiis.
499 377 576 433 nam
598 357 625 421 si
647 356 714 421 Nili
743 355 900 440 catadupa
928 357 969 421 ab
998 359 1130 422 auribus

157 441 335 506 mcolarum
350 440 594 525 amplitudinem
608 441 746 525 fragoris
767 441 955 524 excludunt,
979 442 1056 525 quid
1072 444 1130 507 mi-

157 548 229 590 rum
256 527 284 590 si
310 528 456 591 nostrum
483 547 580 590 sonus
608 525 733 590 excedit
754 525 897 590 auditum
920 548 1014 609 quem
1037 549 1130 591 mun-

109 609 149 675 15
158 611 262 675 danae
284 611 378 675 molis
400 610 547 694 inpulsus
575 609 718 674 emittit?
760 632 821 674 nec
848 611 935 674 enim
963 611 1002 674 de
1024 611 1131 675 nihilo

159 698 208 760 est
237 695 321 779 quod
349 697 395 759 ait
422 695 489 779 qui
517 694 680 778 conplet
708 716 820 759 aures
849 717 953 758 meas
985 698 1155 760 tantuss

159 782 298 844 ettam
320 779 450 844 dulcis
473 801 591 844 sonus
614 779 669 843 sed
696 779 799 843 uoluit
825 779 972 864 intellegi
996 780 1080 863 quod
1103 782 1131 844 si

159 864 226 928 eius
254 865 308 949 qui
338 863 526 928 caelestibus
553 864 670 929 meruit
697 864 863 928 interesse
885 864 1016 928 secretis
1055 886 1131 928 con-

157 948 265 1033 pletae
298 970 390 1014 aures
423 951 500 1012 sunt
532 949 603 1012 soni
635 948 875 1033 magnitudine,
911 952 1058 1032 superest
1095 953 1133 1012 ut

160 1037 336 1099 ceterorum
362 1032 528 1098 hominurn
556 1054 667 1097 sensus
694 1032 876 1097 mundanae
905 1033 1132 1097 concinentiae

159 1138 225 1181 non
248 1119 354 1203 capiat
375 1118 528 1182 auditum.
664 1182 667 1187 ,
998 1131 1000 1134 ’
1145 1137 1167 1176 ιι

119 1268 150 1333 V
247 1268 309 1334 Sed
341 1270 406 1332 iam
437 1271 613 1332 tractatum
649 1267 689 1331 ad
724 1261 891 1351 sequentia
926 1268 1133 1333 conferamus

159 1352 271 1416 uides
303 1352 482 1416 habitari
513 1351 553 1414 in
586 1355 695 1415 terra
728 1351 829 1414 raris
867 1356 907 1416 et
943 1355 1133 1436 angustis

158 1435 258 1498 locis
281 1437 319 1498 et
345 1436 386 1498 in
413 1434 513 1517 ipsis
541 1436 654 1516 quasi
681 1435 849 1499 maculis
878 1437 946 1499 ubi
967 1437 1133 1500 habita-

159 1521 223 1582 tur
249 1521 386 1582 uastas
414 1517 657 1582 solitudines
685 1519 946 1603 interiectas,
985 1542 1132 1604 eosque

159 1602 225 1687 qui
246 1602 431 1667 incolunt
452 1604 601 1665 terram
628 1625 707 1668 non
734 1605 845 1668 modo
871 1605 1171 1686 interruptosrr

159 1686 215 1751 ita
237 1707 322 1752 esse
343 1689 386 1750 ut
406 1685 510 1751 nihil
531 1685 640 1751 inter
660 1687 770 1772 ipsos
792 1689 838 1751 ab
854 1688 947 1750 aliis
963 1688 1010 1749 ad
1027 1689 1133 1752 alios

159 1793 320 1837 manare
352 1770 481 1856 possit
514 1771 580 1835 sed
611 1773 759 1856 partim
790 1771 942 1835 oblicos
979 1772 1132 1851 partim

160 1859 418 1920 transuersos
453 1855 602 1939 partim
638 1857 757 1921 etiam
793 1854 982 1919 aduersos
1019 1856 1133 1918 stare

160 1941 290 2024 uobis,
330 1962 349 2004 a
382 1940 526 2024 quibus
564 1943 774 2024 expectare
810 1938 982 2024 gloriam
1019 1942 1133 2002 certe

124 2024 308 2090 2nullam
329 2025 512 2110 potestis.
559 2025 690 2089 cernis
718 2026 846 2111 autem
873 2022 1032 2087 eandem
1055 2026 1133 2086 ter-
1145 2046 1170 2086 ιο

161 2131 242 2173 ram
263 2110 376 2194 quasi
399 2109 634 2194 quibusdam
656 2108 885 2174 redimitam
907 2109 946 2170 et
969 2106 1135 2170 circum-

162 2194 292 2258 datam
320 2193 514 2279 cingulis,
544 2193 727 2277 equibus
756 2193 852 2257 duos
880 2192 1047 2255 maxime
1069 2191 1133 2254 in-

161 2281 283 2342 terso
305 2277 485 2342 diuersos
513 2281 552 2341 et
581 2278 682 2341 caeli
708 2276 933 2342 uerticibus
960 2275 1062 2358 ipsis
1087 2298 1134 2339 ex

162 2364 330 2446 utraque
357 2365 472 2445 parte
505 2362 697 2426 subnixos
726 2360 956 2445 obriguisse
986 2360 1134 2443 pruina

162 2445 291 2529 uides,
328 2446 496 2509 medium
533 2447 664 2507 autem
699 2445 814 2510 illum
850 2447 888 2508 et
923 2444 1169 2507 maximumri

126 2530 259 2595 3solis
282 2528 421 2593 ardore
443 2526 602 2590 torreri.
649 2528 722 2590 duo
740 2529 841 2591 'sunt
862 2526 1132 2612 habitabiles,

163 2632 325 2696 quorum
353 2608 547 2673 australis
575 2607 647 2672 ille
675 2609 716 2672 in
743 2631 816 2706 quo
840 2611 903 2693 qui
929 2610 1136 2676 insistunt

163 2697 332 2759 aduersa
352 2693 467 2757 uobis
488 2696 634 2778 urgent
661 2695 838 2779 uestigia
866 2695 970 2758 nihil
999 2696 1045 2758 ad
1068 2719 1136 2760 ue-

163 2782 286 2843 strum
301 2799 441 2863 genus,
456 2778 522 2844 hic
537 2781 667 2843 autem
682 2777 787 2842 alter
801 2779 1008 2843 subiectus
1024 2782 1137 2864 aqui-

161 2863 246 2928 loni
273 2885 384 2947 quem
413 2862 598 2930 incolitis
629 2885 744 2928 cerne
775 2885 888 2947 quam
917 2864 1028 2927 tenui
1062 2886 1173 2930 uosro

162 2951 276 3032 parte
313 2949 536 3035 contingat.
587 2948 712 3013 omnis
750 2949 853 3012 enim
891 2951 999 3012 terra
1033 2971 1137 3031 quae

165 3032 313 3098 colitur
342 3055 360 3097 a
387 3035 517 3117 uobis,
548 3036 721 3118 angusta
750 3032 992 3115 uerticibus,
1028 3032 1137 3098 late-

233 3221 417 3286 lcutaduplu
434 3222 460 3272 B
528 3219 700 3285 41mpullul
715 3220 741 3270 B
810 3220 963 3286 doomplet
980 3221 1005 3269 P
1074 3223 1139 3273 bet

163 3293 196 3342 11
216 3290 299 3343 fetB
368 3288 525 3354 sintelligi
542 3288 568 3338 B
638 3290 668 3338 11
682 3288 916 3354 consequeutrsB
986 3289 1017 3336 13
1035 3305 1087 3351 pro
1109 3296 1139 3341 et

164 3375 194 3409 in
211 3358 278 3426 rphs
291 3383 326 3395 -
343 3360 401 3420 589,
421 3360 438 3408 3
455 3372 485 3407 ιιι
502 3356 585 3406 terris
599 3364 638 3408 eci
655 3355 739 3420 usque
756 3358 783 3405 in
801 3354 825 3405 B
913 3357 944 3406 lo
964 3354 1093 3405 incolant
1114 3360 1140 3407 P

165 3429 196 3476 17
215 3440 327 3476 manere
345 3426 371 3475 P
421 3424 583 3490 obliquosp
660 3425 692 3474 21
711 3423 850 3474 redimitis
869 3414 901 3472 P
970 3424 1003 3471 22
1023 3425 1142 3475 circulis

155 3493 188 3543 P
252 3494 288 3547 28
305 3498 425 3562 urguent
442 3510 459 3561 p
528 3493 647 3543 nostrum
666 3490 754 3556 genus
767 3491 793 3540 P
