2362 3878
476 207 555 273 xxc,
573 200 681 252 10-20
999 192 1063 259 563

93 361 253 425 foramine
275 360 364 443 prius
388 359 495 423 clauso
517 359 625 423 refusa
648 362 712 442 est,
737 360 830 424 etde
853 361 975 426 duobus
996 361 1062 427 illis
1100 380 1102 385 ·

95 445 282 529 capacitatis
293 444 426 509 minoris
438 445 575 508 alterurn
587 444 790 509 subiecerrmt
801 445 907 529 plene,
925 448 1062 512 alterum

93 533 183 594 iuxta
212 530 394 614 expeditum
421 532 632 613 paratumque
658 532 844 613 posuerunt.
889 530 939 594 his
971 554 1063 616 prae·
1073 532 1113 599 16

93 617 216 701 paratis
244 618 340 679 noete
367 614 430 678 alia
456 615 493 678 in
520 614 609 677 illam
634 613 701 678 iam
728 614 808 678 caeli
834 618 975 699 partem,
1005 639 1063 700 per

68 723 189 784 squam
226 700 325 764 solem
360 698 534 783 lunamque
570 701 603 763 et
639 699 779 783 quinque
818 721 919 784 uagas
955 723 1062 766 meare

94 786 246 849 diuturna
282 784 504 848 obseruatione
541 782 721 848 didicerant
777 806 914 869 namque
950 789 1063 868 postea

93 869 259 934 zodiacum
280 871 492 952 uocauerunt,
522 889 727 933 ascensurum
749 890 767 933 0
791 875 1000 934 seruauerunt
1022 871 1063 935 si-

94 956 168 1037 dus,
204 954 254 1019 eui
281 957 394 1038 postea
421 975 541 1018 nomen
568 953 690 1018 Arietis
723 953 923 1019 addiderunt.
968 955 1062 1020 huius
1074 955 1112 1020 17

93 1040 271 1124 incipiente
303 1042 376 1103 ortu
411 1039 523 1103 statim
557 1039 700 1103 subiecto
736 1040 806 1103 uasi
843 1042 1072 1123 superpositae

56 1147 81 1187 10
95 1146 197 1208 aquae
224 1123 345 1189 fluxum
372 1123 540 1189 dederunt.
585 1123 668 1207 quod
696 1124 752 1188 ubi
785 1125 968 1208 conpletum
1002 1130 1062 1210 eat,

93 1231 167 1273 mox
189 1230 226 1273 eo
249 1209 375 1273 sublato
397 1208 559 1292 effusoque
575 1208 711 1273 alterum
726 1208 829 1272 simile
845 1209 1060 1295 subiecerunt,

96 1295 191 1358 certis
207 1293 309 1378 signis
324 1294 534 1358 obseruanter
549 1315 586 1358 ac
601 1295 785 1358 memoriter
800 1293 962 1358 adnotatis
977 1295 1064 1358 inter

95 1379 162 1442 eius
184 1378 247 1441 loci
270 1378 379 1443 stellas
402 1379 456 1463 qui
475 1379 638 1443 oriebatur
659 1379 886 1462 cumprimum
906 1383 1064 1444 uasesset

94 1462 279 1546 impletumt
302 1463 530 1548 intellegentes
551 1464 633 1546 quod
655 1485 693 1529 eo
714 1467 860 1547 tempore
881 1486 944 1548 quo
964 1465 1062 1529 totius

56 1569 81 1608 15
96 1569 197 1631 aquae
225 1547 411 1612 duodecima
438 1569 514 1631 pars
540 1548 633 1612 fluxit
660 1570 735 1632 pars
768 1548 848 1613 caeli
877 1549 1063 1614 duodecima

95 1632 291 1696 conscendit.
337 1632 377 1696 ab
403 1631 459 1696 illo
492 1653 569 1716 ergo
596 1632 666 1697 loco
694 1654 756 1716 quo
784 1633 860 1696 oriri
888 1635 1064 1780 incipiente
1076 1634 1114 1699 18

95 1739 177 1800 aqua
198 1718 233 1781 in
255 1717 393 1800 primum
415 1738 472 1781 uas
496 1718 601 1800 coepit
621 1716 756 1781 influere
778 1738 877 1800 usque
900 1718 940 1780 ad
972 1739 1065 1782 ocum

95 1803 149 1885 qui
185 1803 349 1866 oriebatur
386 1824 458 1866 cum
491 1801 576 1864 idem
607 1801 748 1884 primum
783 1821 841 1865 uas
876 1800 1065 1884 impleretur

96 1887 316 1950 duodecimam
338 1889 463 1969 partem
486 1885 566 1949 caeli
588 1885 622 1948 id
644 1889 693 1949 est
719 1906 819 1948 unum
844 1885 973 1968 signum
995 1907 1063 1951 csse

56 1992 82 2030 20
96 1971 255 2034 dixerunt.
292 1972 371 2033 item
386 1969 525 2034 secundo
539 1990 616 2033 uase
629 1969 763 2052 impleto
783 1989 821 2032 ac
835 1990 910 2032 mox
924 1973 1063 2036 retracto
1075 1970 1116 2036 19
1134 1994 1137 1998 ·

94 2054 174 2118 illud
196 2054 315 2136 simile,
345 2055 428 2138 quod
455 2053 532 2119 olim
554 2053 688 2118 effusum
709 2057 920 2136 parauerant,
949 2058 1065 2120 iterum

97 2139 308 2203 subdiderunt
322 2143 435 2204 notato
451 2137 600 2203 similiter
619 2139 689 2202 loco
704 2138 758 2222 qui
774 2139 970 2224 emergebat,
992 2162 1064 2205 cum

96 2225 270 2288 secundum
291 2246 348 2288 uas
372 2227 456 2288 esset
476 2223 655 2306 impletum,
680 2226 712 2287 et
733 2244 753 2286 a
774 2223 839 2287 fine
861 2223 957 2307 primi
978 2225 1064 2309 signi

95 2330 195 2393 usque
218 2309 259 2373 ad
280 2309 386 2374 locum
408 2310 463 2394 qui
485 2309 526 2373 ad
554 2308 714 2373 secundae
743 2329 844 2392 aquae
865 2309 963 2372 finem
985 2309 1064 2373 orie-

56 2395 190 2458 robatur
227 2395 401 2459 secundum
437 2394 567 2479 signum
601 2396 751 2458 notatum
784 2395 843 2456 est.
889 2396 984 2476 atque
1016 2393 1063 2458 ita
1073 2394 1135 2463 20.

95 2479 236 2544 uicissim
250 2502 329 2545 uasa
340 2479 494 2545 mutando
507 2482 540 2543 et
549 2500 608 2563 per
622 2477 767 2563 singulas
782 2476 947 2542 influentis
963 2500 1064 2563 aquae

95 2566 203 2647 partes
245 2566 388 2651 singulos
430 2565 493 2630 sibi
529 2562 771 2641 ascendentium
809 2563 889 2627 caeli
924 2564 1064 2646 partium

95 2648 213 2712 limites
246 2651 430 2716 adnotando
456 2649 512 2714 ubi
546 2651 766 2714 consummata
801 2647 866 2712 iam
893 2648 980 2712 omni
1007 2669 1065 2731 per

96 2733 264 2797 duodecim
285 2739 393 2818 partes
416 2756 499 2818 aqua
520 2734 560 2796 ad
574 2733 670 2817 primi
686 2733 772 2816 signi
788 2732 916 2796 exordia
929 2753 1065 2817 peruen-

57 2839 82 2880 30
96 2821 166 2881 turn
189 2821 253 2901 est,
283 2820 352 2882 sine
381 2819 477 2882 dubio
505 2818 570 2880 iam
593 2817 712 2880 diuisas
742 2815 899 2900 certisque
927 2818 989 2881 sibi
1011 2819 1065 2882 ob·
1167 2884 1171 2889 ,

97 2903 332 2967 seruationibus
360 2906 393 2965 et
420 2901 549 2966 indiciis
583 2900 752 2964 adnotatas
785 2900 951 2965 duodecim
986 2902 1065 2967 caeli

96 2991 204 3070 partes
240 2991 351 3051 tantae
388 2988 549 3070 compotes
585 2984 835 3049 machinationis
870 2984 1063 3051 habuerunt.

164 3176 364 3242 2capatrtat1s
379 3168 411 3226 P'
480 3177 600 3240 dquaq3
627 3175 653 3224 P
719 3173 824 3225 eruat
840 3167 875 3223 B'
945 3177 976 3226 10
994 3190 1065 3224 corn-

97 3245 174 3310 pletr'r
191 3247 223 3309 P,
241 3244 353 3311 cdpletr'r
369 3242 395 3291 Β
482 3245 513 3292 12
532 3241 713 3294 obseruantes
727 3243 758 3307 P,
780 3241 848 3293 rtis
866 3244 963 3307 add.p
1033 3243 1065 3292 15

96 3313 162 3378 pars
177 3313 264 3364 fluxus
278 3313 344 3380 pars
359 3311 385 3361 Β
436 3313 467 3361 17
487 3315 562 3378 cepit
579 3311 629 3360 PB
697 3312 730 3362 18
748 3326 809 3361 cum
827 3311 949 3361 rdem-
968 3308 1065 3375 rmple·

96 3385 173 3430 retur
190 3398 237 3432 om.
255 3383 282 3432 B
352 3383 384 3432 19
403 3378 566 3430 duodecrme
583 3378 700 3445 parteB
769 3381 802 3429 21
820 3377 935 3427 mund
953 3377 979 3426 P
1032 3379 1064 3427 22

98 3448 323 3500 subdederuntB
391 3447 629 3513 23pr1mrom.B
697 3446 730 3497 26
749 3445 857 3510 ringula
874 3445 901 3494 P
966 3446 999 3495 27
1016 3460 1064 3509 pa-

96 3519 139 3567 tm
157 3510 189 3566 F
274 3520 307 3570 28
326 3516 511 3568 adnotandum
530 3515 556 3565 B
611 3513 771 3565 consumare
788 3513 814 3563 B
882 3514 915 3563 29
932 3511 1030 3576 primi(
1047 3513 1069 3558 P

852 3591 924 3655 ‘blial-2
