2362 3878
476 188 582 253 xviri,
600 181 692 231 2-12
1007 172 1072 238 545

104 341 278 406 exordium.
325 361 397 405 cum
419 340 513 404 Aries
536 340 691 423 exoritur,
720 343 795 424 post
820 341 926 425 ipsum
948 341 1107 406 Taurus8

104 426 248 510 emergit.
284 425 370 489 hunc
394 423 524 489 Gemini
545 428 707 509 secuntur,
731 425 790 489 hos
813 424 935 491 Cancer
958 430 991 491 et
1011 450 1070 510 per

104 511 249 575 ordinem
276 510 408 594 reliqua.
454 509 482 573 si
512 510 595 574 istae
629 531 705 594 ergo
738 510 773 574 in
801 511 1000 575 occidentem
1027 513 1069 576 ab

103 597 226 659 oriente
248 596 468 678 procederent,
497 616 564 658 non
587 593 627 658 ab
650 594 761 659 Ariete
789 595 825 658 in
846 594 987 659 Taurum
1015 599 1070 681 qai

76 683 189 745 aratro
211 680 334 744 locatas
362 681 411 743 001
436 700 496 744 nec
519 701 538 742 a
564 679 669 744 Tauro
696 679 732 743 in
759 678 912 745 Geminos
939 681 1070 764 signum

103 765 261 849 posterius
283 764 488 828 uoluerantur
515 764 570 828 sed
597 786 616 827 a
639 763 784 828 Geminis
811 765 846 828 in
873 764 1014 829 Taurum
1037 769 1070 829 et

104 873 123 912 a
144 850 249 913 Tauro
271 850 307 913 in
328 849 473 913 Arietem
494 852 582 913 recta
609 852 643 913 et
663 849 845 913 mundanae
873 849 1068 914 uolubilitati

104 956 244 999 consona
277 934 460 998 accessione
487 933 664 1018 prodirent.
710 956 782 998 cam
815 955 892 998 uero
920 956 938 997 a
966 933 1106 1019 primo9

101 1019 136 1082 in
160 1019 187 1083 si
211 1041 289 1082 num
311 1019 500 1102 secundum,
524 1041 543 1082 a
564 1019 703 1084 secundo
725 1019 760 1083 in
782 1019 913 1083 tertium
940 1022 972 1083 et
993 1018 1070 1084 indc

64 1128 89 1166 ιο
103 1104 142 1167 ad
164 1041 286 1188 1011000
307 1125 388 1188 quae
413 1105 592 1187 posteriora
620 1107 696 1168 sunt
722 1102 944 1187 reuoluantur,
974 1104 1001 1168 si
1027 1127 1069 1168 aa

102 1192 209 1254 autem
231 1189 331 1253 infixa
355 1189 441 1253 eaelo
463 1188 620 1270 ferantur,
652 1189 721 1252 sine
744 1189 838 1252 dubio
862 1191 989 1254 constat
1002 1125 1069 1253 1100

101 1273 211 1338 stellas
243 1295 309 1337 non
338 1294 410 1338 curn
438 1274 525 1338 caelo
560 1273 614 1337 sed
644 1277 756 1338 contra
785 1272 908 1338 caelum
934 1273 1067 1338 moueri.

101 1359 163 1422 hoc
194 1361 231 1422 at
262 1359 357 1442 plene
389 1359 526 1442 liqueat,
566 1361 745 1422 astruamus
779 1359 817 1422 da
850 1359 947 1422 lunae
974 1379 1069 1423 cursu

102 1464 182 1526 quae
211 1446 243 1506 01
274 1443 418 1507 claritate
452 1444 502 1507 sai
534 1447 567 1508 01
598 1443 768 1508 0010011010
801 1443 975 1507 notabilior
1008 1446 1066 1509 cst.

63 1549 88 1588 rs
101 1527 178 1590 luna
224 1529 369 1610 ostquam
391 1549 410 1590 a
430 1528 496 1591 sole
516 1527 683 1592 discedens
704 1531 823 1594 nouata
840 1532 904 1610 001,
928 1527 1121 1594 0000011010

100 1613 168 1676 iere
191 1551 241 1676 die
264 1612 350 1675 circa
372 1632 518 1676 occasum
540 1613 677 1696 uidetur,
706 1617 738 1676 et
760 1614 852 1697 quasi
877 1614 986 1677 uicina
1008 1613 1069 1677 soli

101 1719 194 1780 quem
221 1718 324 1780 nuper
352 1696 497 1780 reliquit,
531 1701 701 1781 postquam
734 1697 788 1761 ille
816 1696 978 1760 demersus
1007 1701 1066 1780 eat,

100 1783 171 1865 ipsa
194 1782 275 1846 caeli
289 1781 469 1879 marginem
484 1784 576 1846 tenet
591 1780 796 1846 antecedenti
811 1780 1066 1864 supercecidens.

99 1867 197 1930 tertio
220 1866 270 1930 die
292 1866 414 1930 tardras
436 1867 553 1930 occidit
575 1887 671 1950 qaam
693 1865 842 1946 secundo,
868 1864 968 1928 etita
991 1865 1068 1929 0011-

62 1973 86 2012 ao
101 1951 151 2014 die
173 1951 301 2034 longius
330 1951 371 2014 ab
393 1971 509 2015 occasu
530 1949 662 2031 recedit,
691 1952 728 2013 01
750 1948 886 2032 septimo
909 1949 960 2012 die
983 1949 1068 2014 circa

101 2035 176 2100 solis
208 2055 354 2098 occasum
381 2035 416 2098 in
444 2035 548 2098 medio
577 2032 665 2098 caelo
694 2034 766 2117 ipsa
793 2032 950 2098 uideatur.
995 2038 1068 2116 post

100 2119 179 2183 alios
200 2140 277 2183 0010
300 2122 422 2203 septem
445 2141 518 2184 cum
539 2118 594 2182 1110
616 2119 736 2203 mergit
756 2118 837 2181 haec
854 2118 964 2182 oritur.
989 2119 1066 2183 adeo
1079 2118 1117 2183 ll

100 2204 205 2268 media
225 2207 318 2353 parte
340 2203 459 2268 mensis
482 2203 650 2268 dimidiam
678 2201 810 2284 caelum,
840 2202 874 2266 id
896 2205 945 2266 001
966 2225 1066 2267 unum

99 2289 224 2373 hemisp
249 2289 386 2372 aerium,
420 2289 460 2353 ab
493 2310 609 2354 occasa
635 2289 671 2352 in
705 2287 862 2352 orientem
889 2288 1067 2353 recedendo

60 2398 86 2437 aa
99 2375 241 2438 metitur.
265 2396 374 2438 rursus
389 2378 463 2458 post
477 2377 601 2459 septem
623 2374 702 2438 alios
719 2373 803 2437 circa
818 2371 894 2436 00110
916 2394 1067 2437 occasum

99 2459 230 2524 lateatis
257 2459 485 2543 hemisphaerii
511 2458 667 2524 uerticem
693 2461 800 2539 tenet,
836 2460 869 2521 et
896 2455 991 2522 haias
1019 2458 1067 2522 rei

98 2545 254 2609 indicium
276 2548 325 2609 est
346 2545 430 2630 qaod
451 2545 556 2610 medio
578 2543 682 2609 noctis
709 2543 861 2607 exoritur.
905 2546 1067 2626 postremo

99 2629 234 2693 totidem
256 2629 367 2694 diebus
390 2631 547 2715 exemptis
569 2630 669 2695 solem
691 2630 796 2693 denuo
822 2627 1065 2711 conprehendit,

100 2716 133 2777 et
154 2714 281 2777 uicinus
302 2715 429 2779 uidetur
444 2715 725 2797 ortasamborum,
741 2735 837 2797 qaam
852 2711 907 2775 diu
921 2711 981 2775 soli
997 2734 1067 2776 suo-

59 2798 216 2862 accedens
238 2819 347 2862 101000
369 2802 506 2864 nouetur
535 2802 567 2862 01
594 2820 704 2862 101000
731 2797 884 2861 recedens
910 2796 1067 2881 paulatim

99 2903 224 2966 semper
245 2883 281 2946 in
308 2882 465 2947 orientem
485 2881 695 2978 regrediendo
724 2881 886 2964 relinquat
907 2903 1065 2946 occasum.

99 2969 146 3033 sol
168 2987 292 3052 000000
313 2967 383 3050 ipse
404 2988 471 3031 non
494 2967 588 3031 ahter
608 2988 706 3050 quam
728 2965 769 3030 ab
784 2986 898 3030 occasa
912 2965 948 3030 in
962 2964 1119 3031 011011-12

97 3056 164 3118 tem
185 3055 333 3116 mouetur
359 3055 392 3116 01
420 3050 497 3117 11001
518 3051 641 3115 tardius
662 3071 823 3115 recessum
850 3071 943 3115 suum
970 3072 1067 3134 quam

98 3139 175 3202 luna
197 3136 347 3201 conficiat
371 3173 408 3184 -
432 3137 550 3220 qnippe
578 3135 634 3220 001
655 3138 748 3200 tanto
770 3137 914 3218 tempore
936 3135 1067 3219 signam

59 3245 85 3285 aa
98 3245 198 3288 anam
227 3221 397 3286 emetiatur
424 3224 545 3306 quanto
572 3223 677 3285 totam
704 3219 869 3285 zodiacum
896 3219 973 3283 lana
1002 3219 1066 3283 dis-

97 3364 301 3371 ..nun—..-

167 3432 181 3479 7
195 3428 366 3479 notabilitati
380 3429 501 3479 neanias:
521 3426 706 3489 amabilitatis
719 3427 779 3477 libri
844 3430 873 3475 ll
888 3423 972 3474 infixa
986 3422 1067 3475 caclo

99 3512 159 3546 cum
179 3496 257 3545 caelo
276 3497 401 3547 ferantur
419 3498 484 3549 coni.
502 3495 594 3547 laniae

148 3612 305 3649 arescam
883 3572 937 3636 (ὦ
