<?xml version="1.0" encoding="UTF-8"?>
<!DOCTYPE html PUBLIC "-//W3C//DTD XHTML 1.0 Transitional//EN"
    "http://www.w3.org/TR/xhtml1/DTD/xhtml1-transitional.dtd">
<html xmlns="http://www.w3.org/1999/xhtml" xml:lang="en" lang="en">
 <head>
  <title>
</title>
<meta http-equiv="Content-Type" content="text/html;charset=utf-8" />
  <meta name='ocr-system' content='tesseract 3.04.00' />
  <meta name='ocr-capabilities' content='ocr_page ocr_carea ocr_par ocr_line ocrx_word'/>
</head>
<body>
  <div class='ocr_page' id='page_1' title='image "./macrobivs00macrgoog_0442.png"; bbox 0 0 2362 3878; ppageno 0'>
   <div class='ocr_carea' id='block_1_1' title="bbox 452 166 1028 276">
    <p class='ocr_par' dir='ltr' id='par_1_1' title="bbox 452 166 1028 276">
     <span class='ocr_line' id='line_1_1' title="bbox 452 166 1028 276; baseline 0 -19"><span class='ocrx_word' id='word_1_1' title='bbox 452 166 534 276; x_wconf 80' lang='lat' dir='ltr'><strong>vm,</strong></span> <span class='ocrx_word' id='word_1_2' title='bbox 556 201 651 255; x_wconf 83' lang='lat'><strong>2-12</strong></span> <span class='ocrx_word' id='word_1_3' title='bbox 937 234 941 239; x_wconf 83' lang='lat'>-</span> <span class='ocrx_word' id='word_1_4' title='bbox 964 190 1028 257; x_wconf 77' lang='grc'><strong>427</strong></span> 
     </span>
    </p>
   </div>
   <div class='ocr_carea' id='block_1_2' title="bbox 32 352 1177 953">
    <p class='ocr_par' dir='ltr' id='par_1_2' title="bbox 32 352 1177 953">
     <span class='ocr_line' id='line_1_2' title="bbox 59 352 1153 448; baseline -0.001 -21"><span class='ocrx_word' id='word_1_5' title='bbox 59 367 109 447; x_wconf 86' lang='lat' dir='ltr'><strong>te,</strong></span> <span class='ocrx_word' id='word_1_6' title='bbox 132 383 214 448; x_wconf 87' lang='lat' dir='ltr'><strong>quae</strong></span> <span class='ocrx_word' id='word_1_7' title='bbox 234 361 316 427; x_wconf 85' lang='lat' dir='ltr'><strong>feeit</strong></span> <span class='ocrx_word' id='word_1_8' title='bbox 336 382 434 427; x_wconf 82' lang='lat' dir='ltr'><strong>eausa</strong></span> <span class='ocrx_word' id='word_1_9' title='bbox 459 363 497 426; x_wconf 90' lang='lat' dir='ltr'><strong>ut</strong></span> <span class='ocrx_word' id='word_1_10' title='bbox 518 358 625 445; x_wconf 80' lang='lat' dir='ltr'><strong>sinapi</strong></span> <span class='ocrx_word' id='word_1_11' title='bbox 646 363 681 426; x_wconf 87' lang='lat' dir='ltr'><strong>et</strong></span> <span class='ocrx_word' id='word_1_12' title='bbox 700 359 809 445; x_wconf 87' lang='lat' dir='ltr'><strong>piper,</strong></span> <span class='ocrx_word' id='word_1_13' title='bbox 832 361 861 425; x_wconf 86' lang='lat' dir='ltr'><strong>ai</strong></span> <span class='ocrx_word' id='word_1_14' title='bbox 881 358 1029 446; x_wconf 77' lang='lat' dir='ltr'><strong>adposite</strong></span> <span class='ocrx_word' id='word_1_15' title='bbox 1150 352 1153 357; x_wconf 63' lang='grc'><strong>’</strong></span> 
     </span>
     <span class='ocr_line' id='line_1_3' title="bbox 60 443 1154 531; baseline -0.001 -19"><span class='ocrx_word' id='word_1_16' title='bbox 60 448 127 513; x_wconf 85' lang='lat' dir='ltr'><strong>cuti</strong></span> <span class='ocrx_word' id='word_1_17' title='bbox 147 446 281 531; x_wconf 80' lang='lat' dir='ltr'><strong>fuerint,</strong></span> <span class='ocrx_word' id='word_1_18' title='bbox 303 446 421 512; x_wconf 79' lang='lat' dir='ltr'><strong>uulnus</strong></span> <span class='ocrx_word' id='word_1_19' title='bbox 443 444 587 512; x_wconf 79' lang='lat' dir='ltr'><strong>excitent</strong></span> <span class='ocrx_word' id='word_1_20' title='bbox 600 447 634 510; x_wconf 87' lang='lat' dir='ltr'><strong>et</strong></span> <span class='ocrx_word' id='word_1_21' title='bbox 647 444 720 511; x_wconf 86' lang='lat' dir='ltr'><strong>looa</strong></span> <span class='ocrx_word' id='word_1_22' title='bbox 741 443 917 529; x_wconf 73' lang='lat' dir='ltr'><strong>perforent,</strong></span> <span class='ocrx_word' id='word_1_23' title='bbox 933 444 1028 511; x_wconf 91' lang='lat' dir='ltr'><strong>deuo·</strong></span> <span class='ocrx_word' id='word_1_24' title='bbox 1149 494 1154 503; x_wconf 78' lang='grc'><strong>.</strong></span> 
     </span>
     <span class='ocr_line' id='line_1_4' title="bbox 58 528 1176 614; baseline -0.003 -17"><span class='ocrx_word' id='word_1_25' title='bbox 58 537 131 598; x_wconf 82' lang='lat' dir='ltr'><strong>rata</strong></span> <span class='ocrx_word' id='word_1_26' title='bbox 150 553 229 597; x_wconf 86' lang='lat' dir='ltr'><strong>uero</strong></span> <span class='ocrx_word' id='word_1_27' title='bbox 242 531 366 597; x_wconf 85' lang='lat' dir='ltr'><strong>nullam</strong></span> <span class='ocrx_word' id='word_1_28' title='bbox 379 531 504 597; x_wconf 73' lang='lat' dir='ltr'><strong>uentris</strong></span> <span class='ocrx_word' id='word_1_29' title='bbox 519 529 646 614; x_wconf 86' lang='lat' dir='ltr'><strong>eorpori</strong></span> <span class='ocrx_word' id='word_1_30' title='bbox 658 529 805 595; x_wconf 75' lang='lat' dir='ltr'><strong>interant</strong></span> <span class='ocrx_word' id='word_1_31' title='bbox 817 528 1027 595; x_wconf 68' lang='lat' dir='ltr'><strong>laesionemr’</strong></span> <span class='ocrx_word' id='word_1_32' title='bbox 1120 552 1126 567; x_wconf 62' lang='grc'>’</span> <span class='ocrx_word' id='word_1_33' title='bbox 1168 604 1176 609; x_wconf 86' lang='lat'><strong>..</strong></span> 
     </span>
     <span class='ocr_line' id='line_1_5' title="bbox 58 612 1173 701; baseline 0.002 -19"><span class='ocrx_word' id='word_1_34' title='bbox 58 620 93 682; x_wconf 88' lang='lat' dir='ltr'><strong>et</strong></span> <span class='ocrx_word' id='word_1_35' title='bbox 113 617 259 682; x_wconf 82' lang='lat' dir='ltr'><strong>Disarius</strong></span> <span class='ocrx_word' id='word_1_36' title='bbox 282 616 428 701; x_wconf 72' lang='lat' dir='ltr'><strong>‘species&#39;</strong></span> <span class='ocrx_word' id='word_1_37' title='bbox 448 615 557 701; x_wconf 87' lang='lat' dir='ltr'><strong>inquit</strong></span> <span class='ocrx_word' id='word_1_38' title='bbox 570 617 617 679; x_wconf 74' lang='lat' dir='ltr'><strong>‘et</strong></span> <span class='ocrx_word' id='word_1_39' title='bbox 630 612 906 680; x_wconf 84' lang='lat' dir='ltr'><strong>uoreaetealidae</strong></span> <span class='ocrx_word' id='word_1_40' title='bbox 920 616 1064 698; x_wconf 78' lang='lat' dir='ltr'><strong>super-8</strong></span> <span class='ocrx_word' id='word_1_41' title='bbox 1160 662 1173 671; x_wconf 88' lang='lat'><strong>--</strong></span> 
     </span>
     <span class='ocr_line' id='line_1_6' title="bbox 32 697 1177 787; baseline -0.003 -20"><span class='ocrx_word' id='word_1_42' title='bbox 32 703 165 767; x_wconf 78' lang='lat' dir='ltr'><strong>ofieiem</strong></span> <span class='ocrx_word' id='word_1_43' title='bbox 191 703 243 766; x_wconf 90' lang='lat' dir='ltr'><strong>oui</strong></span> <span class='ocrx_word' id='word_1_44' title='bbox 270 701 477 787; x_wconf 74' lang='lat' dir='ltr'><strong>adponuntur</strong></span> <span class='ocrx_word' id='word_1_45' title='bbox 503 698 690 766; x_wconf 70' lang='lat' dir='ltr'><strong>exulcerant</strong></span> <span class='ocrx_word' id='word_1_46' title='bbox 715 698 792 785; x_wconf 86' lang='lat' dir='ltr'><strong>quia</strong></span> <span class='ocrx_word' id='word_1_47' title='bbox 812 697 943 785; x_wconf 75' lang='lat' dir='ltr'><strong>integra</strong></span> <span class='ocrx_word' id='word_1_48' title='bbox 964 698 1029 763; x_wconf 91' lang='lat' dir='ltr'><strong>uir-</strong></span> <span class='ocrx_word' id='word_1_49' title='bbox 1136 704 1177 781; x_wconf 50' lang='grc' dir='ltr'><strong>ᾖ·</strong></span> 
     </span>
     <span class='ocr_line' id='line_1_7' title="bbox 60 782 1167 861; baseline -0.003 -10"><span class='ocrx_word' id='word_1_50' title='bbox 60 789 130 851; x_wconf 89' lang='lat' dir='ltr'><strong>tute</strong></span> <span class='ocrx_word' id='word_1_51' title='bbox 160 809 218 851; x_wconf 87' lang='lat' dir='ltr'><strong>sua</strong></span> <span class='ocrx_word' id='word_1_52' title='bbox 245 785 315 851; x_wconf 83' lang='lat' dir='ltr'><strong>eine</strong></span> <span class='ocrx_word' id='word_1_53' title='bbox 343 785 476 852; x_wconf 85' lang='lat' dir='ltr'><strong>alteriue</strong></span> <span class='ocrx_word' id='word_1_54' title='bbox 507 783 556 849; x_wconf 87' lang='lat' dir='ltr'><strong>rei</strong></span> <span class='ocrx_word' id='word_1_55' title='bbox 589 782 788 849; x_wconf 77' lang='lat' dir='ltr'><strong>admixtione</strong></span> <span class='ocrx_word' id='word_1_56' title='bbox 820 785 957 849; x_wconf 85' lang='lat' dir='ltr'><strong>utuntur</strong></span> <span class='ocrx_word' id='word_1_57' title='bbox 988 783 1030 848; x_wconf 81' lang='lat' dir='ltr'><strong>ud</strong></span> <span class='ocrx_word' id='word_1_58' title='bbox 1164 856 1167 861; x_wconf 56' lang='grc'><em>,</em></span> 
     </span>
     <span class='ocr_line' id='line_1_8' title="bbox 57 866 1030 953; baseline -0.004 -18"><span class='ocrx_word' id='word_1_59' title='bbox 57 892 193 953; x_wconf 83' lang='lat' dir='ltr'><strong>noxam,</strong></span> <span class='ocrx_word' id='word_1_60' title='bbox 225 869 281 936; x_wconf 83' lang='lat' dir='ltr'><strong>sed</strong></span> <span class='ocrx_word' id='word_1_61' title='bbox 308 869 337 935; x_wconf 83' lang='lat' dir='ltr'><strong>ai</strong></span> <span class='ocrx_word' id='word_1_62' title='bbox 364 869 401 935; x_wconf 91' lang='lat' dir='ltr'><strong>in</strong></span> <span class='ocrx_word' id='word_1_63' title='bbox 428 871 577 935; x_wconf 88' lang='lat' dir='ltr'><strong>uentrem</strong></span> <span class='ocrx_word' id='word_1_64' title='bbox 603 889 675 934; x_wconf 85' lang='lat' dir='ltr'><strong>reoe</strong></span> <span class='ocrx_word' id='word_1_65' title='bbox 698 871 752 935; x_wconf 86' lang='lat' dir='ltr'><strong>tae</strong></span> <span class='ocrx_word' id='word_1_66' title='bbox 779 867 862 952; x_wconf 79' lang='lat' dir='ltr'><strong>sint,</strong></span> <span class='ocrx_word' id='word_1_67' title='bbox 892 866 1030 934; x_wconf 78' lang='lat' dir='ltr'><strong>soluitur</strong></span> 
     </span>
    </p>
   </div>
   <div class='ocr_carea' id='block_1_3' title="bbox 57 951 1177 1039">
    <p class='ocr_par' dir='ltr' id='par_1_3' title="bbox 57 951 1177 1039">
     <span class='ocr_line' id='line_1_9' title="bbox 57 951 1177 1039; baseline -0.002 -20"><span class='ocrx_word' id='word_1_68' title='bbox 57 956 107 1020; x_wconf 88' lang='lat' dir='ltr'><strong>uis</strong></span> <span class='ocrx_word' id='word_1_69' title='bbox 134 976 246 1021; x_wconf 86' lang='lat' dir='ltr'><strong>earum</strong></span> <span class='ocrx_word' id='word_1_70' title='bbox 271 954 428 1020; x_wconf 80' lang='lat' dir='ltr'><strong>neutralia</strong></span> <span class='ocrx_word' id='word_1_71' title='bbox 459 952 604 1019; x_wconf 77' lang='lat' dir='ltr'><strong>humoris</strong></span> <span class='ocrx_word' id='word_1_72' title='bbox 680 952 815 1038; x_wconf 86' lang='lat' dir='ltr'><strong>unione,</strong></span> <span class='ocrx_word' id='word_1_73' title='bbox 849 973 913 1039; x_wconf 87' lang='lat' dir='ltr'><strong>qua</strong></span> <span class='ocrx_word' id='word_1_74' title='bbox 944 951 1028 1017; x_wconf 88' lang='lat' dir='ltr'><strong>fiunt</strong></span> <span class='ocrx_word' id='word_1_75' title='bbox 1154 970 1177 1019; x_wconf 86' lang='grc'><strong>,·</strong></span> 
     </span>
    </p>
   </div>
   <div class='ocr_carea' id='block_1_4' title="bbox 20 1036 1176 1547">
    <p class='ocr_par' dir='ltr' id='par_1_4' title="bbox 20 1036 1176 1547">
     <span class='ocr_line' id='line_1_10' title="bbox 57 1036 1110 1125; baseline 0.004 -21"><span class='ocrx_word' id='word_1_76' title='bbox 57 1040 239 1124; x_wconf 87' lang='lat' dir='ltr'><strong>dilutiorea,</strong></span> <span class='ocrx_word' id='word_1_77' title='bbox 262 1039 378 1107; x_wconf 88' lang='lat' dir='ltr'><strong>deinde</strong></span> <span class='ocrx_word' id='word_1_78' title='bbox 399 1040 489 1125; x_wconf 83' lang='lat' dir='ltr'><strong>priua</strong></span> <span class='ocrx_word' id='word_1_79' title='bbox 510 1040 683 1105; x_wconf 87' lang='lat' dir='ltr'><strong>uertuntur</strong></span> <span class='ocrx_word' id='word_1_80' title='bbox 708 1037 745 1103; x_wconf 88' lang='lat' dir='ltr'><strong>in</strong></span> <span class='ocrx_word' id='word_1_81' title='bbox 766 1058 877 1104; x_wconf 84' lang='lat' dir='ltr'><strong>aueum</strong></span> <span class='ocrx_word' id='word_1_82' title='bbox 903 1036 1028 1104; x_wconf 81' lang='lat' dir='ltr'><strong>uentris</strong></span> <span class='ocrx_word' id='word_1_83' title='bbox 1107 1104 1110 1108; x_wconf 86' lang='lat'>.</span> 
     </span>
     <span class='ocr_line' id='line_1_11' title="bbox 20 1123 1176 1211; baseline -0.002 -22"><span class='ocrx_word' id='word_1_84' title='bbox 20 1149 46 1190; x_wconf 83' lang='grc' dir='ltr'><strong>ιο</strong></span> <span class='ocrx_word' id='word_1_85' title='bbox 59 1125 164 1191; x_wconf 77' lang='lat' dir='ltr'><strong>calore</strong></span> <span class='ocrx_word' id='word_1_86' title='bbox 184 1146 282 1211; x_wconf 87' lang='lat' dir='ltr'><strong>quarn</strong></span> <span class='ocrx_word' id='word_1_87' title='bbox 303 1128 341 1190; x_wconf 88' lang='lat' dir='ltr'><strong>ut</strong></span> <span class='ocrx_word' id='word_1_88' title='bbox 360 1124 510 1211; x_wconf 79' lang='lat' dir='ltr'><strong>integrao</strong></span> <span class='ocrx_word' id='word_1_89' title='bbox 530 1123 659 1208; x_wconf 79' lang='lat' dir='ltr'><strong>possint</strong></span> <span class='ocrx_word' id='word_1_90' title='bbox 678 1128 820 1189; x_wconf 87' lang='lat' dir='ltr'><strong>nooere.&#39;</strong></span> <span class='ocrx_word' id='word_1_91' title='bbox 1173 1194 1176 1199; x_wconf 56' lang='grc'><strong>,</strong></span> 
     </span>
     <span class='ocr_line' id='line_1_12' title="bbox 142 1205 1173 1293; baseline -0.004 -17"><span class='ocrx_word' id='word_1_92' title='bbox 142 1209 281 1276; x_wconf 82' lang='lat' dir='ltr'><strong>anoino</strong></span> <span class='ocrx_word' id='word_1_93' title='bbox 301 1208 439 1275; x_wconf 84' lang='lat' dir='ltr'><strong>eubieeit</strong></span> <span class='ocrx_word' id='word_1_94' title='bbox 465 1208 555 1274; x_wconf 80' lang='lat' dir='ltr'><strong>‘dum</strong></span> <span class='ocrx_word' id='word_1_95' title='bbox 576 1207 616 1273; x_wconf 92' lang='lat' dir='ltr'><strong>de</strong></span> <span class='ocrx_word' id='word_1_96' title='bbox 645 1207 751 1274; x_wconf 83' lang='lat' dir='ltr'><strong>calore</strong></span> <span class='ocrx_word' id='word_1_97' title='bbox 772 1207 948 1293; x_wconf 88' lang='lat' dir='ltr'><strong>loquimur,</strong></span> <span class='ocrx_word' id='word_1_98' title='bbox 975 1205 1066 1273; x_wconf 61' lang='lat' dir='ltr'><strong>‹sd-9</strong></span> <span class='ocrx_word' id='word_1_99' title='bbox 1155 1210 1173 1219; x_wconf 83' lang='lat'><strong>&#39;&#39;</strong></span> 
     </span>
     <span class='ocr_line' id='line_1_13' title="bbox 56 1290 1026 1381; baseline -0.003 -23"><span class='ocrx_word' id='word_1_100' title='bbox 56 1315 189 1359; x_wconf 88' lang='lat' dir='ltr'><strong>moneor</strong></span> <span class='ocrx_word' id='word_1_101' title='bbox 215 1296 262 1359; x_wconf 86' lang='lat' dir='ltr'><strong>rei</strong></span> <span class='ocrx_word' id='word_1_102' title='bbox 289 1316 387 1379; x_wconf 83' lang='lat' dir='ltr'><strong>quom</strong></span> <span class='ocrx_word' id='word_1_103' title='bbox 414 1314 541 1378; x_wconf 81' lang='lat' dir='ltr'><strong>semper</strong></span> <span class='ocrx_word' id='word_1_104' title='bbox 566 1293 715 1379; x_wconf 80' lang='lat' dir='ltr'><strong>quaesitu</strong></span> <span class='ocrx_word' id='word_1_105' title='bbox 740 1292 874 1381; x_wconf 82' lang='lat' dir='ltr'><strong>dignam</strong></span> <span class='ocrx_word' id='word_1_106' title='bbox 924 1290 1026 1375; x_wconf 84' lang='lat' dir='ltr'><strong>utaui,</strong></span> 
     </span>
     <span class='ocr_line' id='line_1_14' title="bbox 57 1375 1029 1465; baseline -0.003 -22"><span class='ocrx_word' id='word_1_107' title='bbox 57 1400 114 1443; x_wconf 88' lang='lat' dir='ltr'><strong>eur</strong></span> <span class='ocrx_word' id='word_1_108' title='bbox 135 1379 171 1443; x_wconf 92' lang='lat' dir='ltr'><strong>in</strong></span> <span class='ocrx_word' id='word_1_109' title='bbox 193 1380 470 1464; x_wconf 82' lang='lat' dir='ltr'><strong>Aegypto,·quae</strong></span> <span class='ocrx_word' id='word_1_110' title='bbox 489 1377 660 1465; x_wconf 78' lang='lat' dir='ltr'><strong>regionum</strong></span> <span class='ocrx_word' id='word_1_111' title='bbox 675 1378 813 1443; x_wconf 81' lang='lat' dir='ltr'><strong>aliarum</strong></span> <span class='ocrx_word' id='word_1_112' title='bbox 835 1375 928 1443; x_wconf 83' lang='lat' dir='ltr'><strong>oedi&#39;</strong></span> <span class='ocrx_word' id='word_1_113' title='bbox 965 1376 973 1390; x_wconf 87' lang='lat'><strong><em>‘</em></strong></span> <span class='ocrx_word' id='word_1_114' title='bbox 1009 1396 1029 1440; x_wconf 87' lang='lat' dir='ltr'><strong>a</strong></span> 
     </span>
     <span class='ocr_line' id='line_1_15' title="bbox 57 1460 1156 1547; baseline -0.002 -20"><span class='ocrx_word' id='word_1_115' title='bbox 57 1460 1156 1547; x_wconf 39' lang='lat' dir='ltr'><strong>&amp;mmmfflmfflmffl&#39;</strong></span> 
     </span>
    </p>
   </div>
   <div class='ocr_carea' id='block_1_5' title="bbox 19 1544 1169 1613">
    <p class='ocr_par' dir='ltr' id='par_1_5' title="bbox 19 1544 1169 1613">
     <span class='ocr_line' id='line_1_16' title="bbox 19 1544 1169 1613; baseline 0.001 -2"><span class='ocrx_word' id='word_1_116' title='bbox 19 1569 44 1611; x_wconf 79' lang='lat' dir='ltr'><strong>a</strong></span> <span class='ocrx_word' id='word_1_117' title='bbox 57 1547 179 1612; x_wconf 76' lang='lat' dir='ltr'><strong>uirtute</strong></span> <span class='ocrx_word' id='word_1_118' title='bbox 200 1547 389 1613; x_wconf 69' lang='lat' dir='ltr'><strong>nascaturt&#39;</strong></span> <span class='ocrx_word' id='word_1_119' title='bbox 426 1548 468 1613; x_wconf 88' lang='lat' dir='ltr'><strong>ad</strong></span> <span class='ocrx_word' id='word_1_120' title='bbox 488 1546 551 1612; x_wconf 89' lang='lat' dir='ltr'><strong>hoo</strong></span> <span class='ocrx_word' id='word_1_121' title='bbox 561 1545 709 1613; x_wconf 84' lang='lat' dir='ltr'><strong>Disarius</strong></span> <span class='ocrx_word' id='word_1_122' title='bbox 731 1552 804 1613; x_wconf 74' lang='lat' dir='ltr'><strong>‘nau</strong></span> <span class='ocrx_word' id='word_1_123' title='bbox 824 1545 886 1612; x_wconf 88' lang='lat' dir='ltr'><strong>tibi</strong></span> <span class='ocrx_word' id='word_1_124' title='bbox 907 1545 952 1611; x_wconf 85' lang='grc' dir='ltr'><strong>Α]</strong></span> <span class='ocrx_word' id='word_1_125' title='bbox 973 1544 1029 1610; x_wconf 89' lang='lat' dir='ltr'><strong>ine</strong></span> <span class='ocrx_word' id='word_1_126' title='bbox 1039 1545 1080 1612; x_wconf 88' lang='lat'><strong>10</strong></span> <span class='ocrx_word' id='word_1_127' title='bbox 1157 1592 1169 1607; x_wconf 48' lang='lat'><strong>1,</strong></span> 
     </span>
    </p>
   </div>
   <div class='ocr_carea' id='block_1_6' title="bbox 57 1628 1161 1730">
    <p class='ocr_par' dir='ltr' id='par_1_6' title="bbox 57 1628 1161 1730">
     <span class='ocr_line' id='line_1_17' title="bbox 57 1628 1161 1730; baseline -0.004 -33"><span class='ocrx_word' id='word_1_128' title='bbox 57 1635 257 1730; x_wconf 86' lang='lat' dir='ltr'><strong>compertum</strong></span> <span class='ocrx_word' id='word_1_129' title='bbox 278 1634 329 1698; x_wconf 85' lang='lat' dir='ltr'><strong>eet</strong></span> <span class='ocrx_word' id='word_1_130' title='bbox 349 1653 449 1718; x_wconf 79' lang='lat' dir='ltr'><strong>equae</strong></span> <span class='ocrx_word' id='word_1_131' title='bbox 471 1652 554 1718; x_wconf 86' lang='lat' dir='ltr'><strong>quae</strong></span> <span class='ocrx_word' id='word_1_132' title='bbox 573 1631 628 1697; x_wconf 91' lang='lat' dir='ltr'><strong>uel</strong></span> <span class='ocrx_word' id='word_1_133' title='bbox 649 1631 689 1697; x_wconf 89' lang='lat' dir='ltr'><strong>de</strong></span> <span class='ocrx_word' id='word_1_134' title='bbox 711 1631 785 1697; x_wconf 81' lang='lat' dir='ltr'><strong>altis</strong></span> <span class='ocrx_word' id='word_1_135' title='bbox 799 1630 907 1717; x_wconf 75' lang='lat' dir='ltr'><strong>puteis</strong></span> <span class='ocrx_word' id='word_1_136' title='bbox 920 1628 975 1696; x_wconf 88' lang='lat' dir='ltr'><strong>uel</strong></span> <span class='ocrx_word' id='word_1_137' title='bbox 988 1628 1029 1694; x_wconf 92' lang='lat' dir='ltr'><strong>de</strong></span> <span class='ocrx_word' id='word_1_138' title='bbox 1157 1646 1161 1653; x_wconf 88' lang='lat'>·</span> 
     </span>
    </p>
   </div>
   <div class='ocr_carea' id='block_1_7' title="bbox 55 1708 1176 1800">
    <p class='ocr_par' dir='ltr' id='par_1_7' title="bbox 55 1708 1176 1800">
     <span class='ocr_line' id='line_1_18' title="bbox 55 1708 1176 1800; baseline 0.001 -20"><span class='ocrx_word' id='word_1_139' title='bbox 55 1716 201 1781; x_wconf 80' lang='lat' dir='ltr'><strong>foutrbus</strong></span> <span class='ocrx_word' id='word_1_140' title='bbox 221 1716 416 1783; x_wconf 84' lang='lat' dir='ltr'><strong>hauriuntur</strong></span> <span class='ocrx_word' id='word_1_141' title='bbox 427 1717 555 1783; x_wconf 82' lang='lat' dir='ltr'><strong>fumare</strong></span> <span class='ocrx_word' id='word_1_142' title='bbox 569 1714 687 1800; x_wconf 87' lang='lat' dir='ltr'><strong>hieme,</strong></span> <span class='ocrx_word' id='word_1_143' title='bbox 703 1718 826 1781; x_wconf 75' lang='lat' dir='ltr'><strong>aestate</strong></span> <span class='ocrx_word' id='word_1_144' title='bbox 840 1715 1027 1800; x_wconf 83' lang='lat' dir='ltr'><strong>frigeaoere.</strong></span> <span class='ocrx_word' id='word_1_145' title='bbox 1149 1708 1176 1781; x_wconf 69' lang='grc' dir='ltr'><strong>’ζ’</strong></span> 
     </span>
    </p>
   </div>
   <div class='ocr_carea' id='block_1_8' title="bbox 17 1796 1176 2491">
    <p class='ocr_par' dir='ltr' id='par_1_8' title="bbox 17 1796 1176 2491">
     <span class='ocr_line' id='line_1_19' title="bbox 55 1796 1176 1886; baseline 0.001 -20"><span class='ocrx_word' id='word_1_146' title='bbox 55 1803 140 1886; x_wconf 92' lang='lat' dir='ltr'><strong>quod</strong></span> <span class='ocrx_word' id='word_1_147' title='bbox 160 1802 199 1866; x_wconf 87' lang='lat' dir='ltr'><strong>fit</strong></span> <span class='ocrx_word' id='word_1_148' title='bbox 219 1824 287 1867; x_wconf 91' lang='lat' dir='ltr'><strong>nou</strong></span> <span class='ocrx_word' id='word_1_149' title='bbox 308 1802 373 1867; x_wconf 86' lang='lat' dir='ltr'><strong>alia</strong></span> <span class='ocrx_word' id='word_1_150' title='bbox 394 1801 434 1867; x_wconf 92' lang='lat' dir='ltr'><strong>de</strong></span> <span class='ocrx_word' id='word_1_151' title='bbox 456 1822 555 1868; x_wconf 81' lang='lat' dir='ltr'><strong>eausa</strong></span> <span class='ocrx_word' id='word_1_152' title='bbox 575 1799 640 1865; x_wconf 78' lang='lat' dir='ltr'><strong>nisi</strong></span> <span class='ocrx_word' id='word_1_153' title='bbox 662 1799 747 1885; x_wconf 89' lang='lat' dir='ltr'><strong>quod</strong></span> <span class='ocrx_word' id='word_1_154' title='bbox 768 1819 842 1864; x_wconf 87' lang='lat' dir='ltr'><strong>aere</strong></span> <span class='ocrx_word' id='word_1_155' title='bbox 864 1797 920 1884; x_wconf 89' lang='lat' dir='ltr'><strong>qui</strong></span> <span class='ocrx_word' id='word_1_156' title='bbox 933 1796 1028 1862; x_wconf 84' lang='lat' dir='ltr'><strong>nobis</strong></span> <span class='ocrx_word' id='word_1_157' title='bbox 1159 1816 1176 1883; x_wconf 68' lang='lat'><strong>15</strong></span> 
     </span>
     <span class='ocr_line' id='line_1_20' title="bbox 57 1881 1175 1971; baseline -0.004 -21"><span class='ocrx_word' id='word_1_158' title='bbox 57 1885 268 1952; x_wconf 80' lang='lat' dir='ltr'><strong>circumfusus</strong></span> <span class='ocrx_word' id='word_1_159' title='bbox 295 1889 345 1950; x_wconf 87' lang='lat' dir='ltr'><strong>est</strong></span> <span class='ocrx_word' id='word_1_160' title='bbox 370 1889 504 1971; x_wconf 89' lang='lat' dir='ltr'><strong>propter</strong></span> <span class='ocrx_word' id='word_1_161' title='bbox 530 1884 685 1968; x_wconf 85' lang='lat' dir='ltr'><strong>temporis</strong></span> <span class='ocrx_word' id='word_1_162' title='bbox 712 1882 873 1948; x_wconf 86' lang='lat' dir='ltr'><strong>rationem</strong></span> <span class='ocrx_word' id='word_1_163' title='bbox 901 1881 1028 1947; x_wconf 87' lang='lat' dir='ltr'><strong>ealente</strong></span> <span class='ocrx_word' id='word_1_164' title='bbox 1159 1886 1175 1891; x_wconf 86' lang='grc'>”</span> 
     </span>
     <span class='ocr_line' id='line_1_21' title="bbox 17 1964 1169 2054; baseline -0.004 -20"><span class='ocrx_word' id='word_1_165' title='bbox 17 1970 161 2054; x_wconf 71' lang='lat' dir='ltr'><strong>refugus</strong></span> <span class='ocrx_word' id='word_1_166' title='bbox 182 1970 218 2034; x_wconf 89' lang='lat' dir='ltr'><strong>in</strong></span> <span class='ocrx_word' id='word_1_167' title='bbox 239 1973 399 2034; x_wconf 82' lang='lat' dir='ltr'><strong>terramm</strong></span> <span class='ocrx_word' id='word_1_168' title='bbox 420 1970 487 2034; x_wconf 87' lang='lat' dir='ltr'><strong>ima</strong></span> <span class='ocrx_word' id='word_1_169' title='bbox 508 1968 706 2053; x_wconf 81' lang='lat' dir='ltr'><strong>demergitur</strong></span> <span class='ocrx_word' id='word_1_170' title='bbox 734 1970 767 2032; x_wconf 88' lang='lat' dir='ltr'><strong>et</strong></span> <span class='ocrx_word' id='word_1_171' title='bbox 794 1986 893 2051; x_wconf 83' lang='lat' dir='ltr'><strong>aquae</strong></span> <span class='ocrx_word' id='word_1_172' title='bbox 923 1964 1029 2031; x_wconf 88' lang='lat' dir='ltr'><strong>infioit</strong></span> <span class='ocrx_word' id='word_1_173' title='bbox 1106 2000 1109 2004; x_wconf 57' lang='lat'><strong><em>&gt;</em></strong></span> <span class='ocrx_word' id='word_1_174' title='bbox 1163 2020 1169 2043; x_wconf 91' lang='lat'><strong>-.</strong></span> 
     </span>
     <span class='ocr_line' id='line_1_22' title="bbox 55 2052 1175 2150; baseline -0.004 -33"><span class='ocrx_word' id='word_1_175' title='bbox 55 2075 191 2138; x_wconf 90' lang='lat' dir='ltr'><strong>quarum</strong></span> <span class='ocrx_word' id='word_1_176' title='bbox 218 2054 254 2117; x_wconf 91' lang='lat' dir='ltr'><strong>in</strong></span> <span class='ocrx_word' id='word_1_177' title='bbox 280 2054 346 2118; x_wconf 89' lang='lat' dir='ltr'><strong>imo</strong></span> <span class='ocrx_word' id='word_1_178' title='bbox 373 2056 424 2118; x_wconf 82' lang='lat' dir='ltr'><strong>est</strong></span> <span class='ocrx_word' id='word_1_179' title='bbox 449 2074 505 2118; x_wconf 83' lang='lat' dir='ltr'><strong>aaa</strong></span> <span class='ocrx_word' id='word_1_180' title='bbox 577 2052 584 2066; x_wconf 88' lang='lat'>&#39;</span> <span class='ocrx_word' id='word_1_181' title='bbox 633 2101 646 2150; x_wconf 81' lang='lat'><em>1</em></span> <span class='ocrx_word' id='word_1_182' title='bbox 674 2053 709 2117; x_wconf 92' lang='lat' dir='ltr'><strong>et</strong></span> <span class='ocrx_word' id='word_1_183' title='bbox 737 2052 851 2116; x_wconf 81' lang='lat' dir='ltr'><strong>eontra</strong></span> <span class='ocrx_word' id='word_1_184' title='bbox 878 2070 951 2115; x_wconf 90' lang='lat' dir='ltr'><strong>oum</strong></span> <span class='ocrx_word' id='word_1_185' title='bbox 973 2069 1029 2114; x_wconf 89' lang='lat' dir='ltr'><strong>aer</strong></span> <span class='ocrx_word' id='word_1_186' title='bbox 1172 2102 1175 2107; x_wconf 96' lang='lat'><em>.</em></span> 
     </span>
     <span class='ocr_line' id='line_1_23' title="bbox 55 2133 1157 2223; baseline -0.004 -21"><span class='ocrx_word' id='word_1_187' title='bbox 55 2139 194 2203; x_wconf 88' lang='lat' dir='ltr'><strong>hiemem</strong></span> <span class='ocrx_word' id='word_1_188' title='bbox 215 2137 359 2222; x_wconf 87' lang='lat' dir='ltr'><strong>praefert</strong></span> <span class='ocrx_word' id='word_1_189' title='bbox 381 2136 469 2203; x_wconf 81' lang='lat' dir='ltr'><strong>calor</strong></span> <span class='ocrx_word' id='word_1_190' title='bbox 488 2139 525 2202; x_wconf 90' lang='lat' dir='ltr'><strong>in</strong></span> <span class='ocrx_word' id='word_1_191' title='bbox 545 2135 579 2201; x_wconf 90' lang='lat' dir='ltr'><strong>in</strong></span> <span class='ocrx_word' id='word_1_192' title='bbox 596 2156 701 2202; x_wconf 83' lang='lat' dir='ltr'><strong>anona</strong></span> <span class='ocrx_word' id='word_1_193' title='bbox 725 2134 915 2221; x_wconf 80' lang='lat' dir='ltr'><strong>demergens</strong></span> <span class='ocrx_word' id='word_1_194' title='bbox 937 2133 1028 2219; x_wconf 83' lang='lat' dir='ltr'><strong>aquia</strong></span> <span class='ocrx_word' id='word_1_195' title='bbox 1137 2170 1157 2223; x_wconf 38' lang='grc'><strong>,-</strong></span> 
     </span>
     <span class='ocr_line' id='line_1_24' title="bbox 55 2217 1107 2319; baseline -0.005 -32"><span class='ocrx_word' id='word_1_196' title='bbox 55 2225 90 2286; x_wconf 91' lang='lat' dir='ltr'><strong>in</strong></span> <span class='ocrx_word' id='word_1_197' title='bbox 112 2223 177 2287; x_wconf 89' lang='lat' dir='ltr'><strong>imo</strong></span> <span class='ocrx_word' id='word_1_198' title='bbox 198 2221 407 2287; x_wconf 78' lang='lat' dir='ltr'><strong>nascentibus</strong></span> <span class='ocrx_word' id='word_1_199' title='bbox 429 2222 485 2287; x_wconf 87' lang='lat' dir='ltr'><strong>dat</strong></span> <span class='ocrx_word' id='word_1_200' title='bbox 504 2240 668 2305; x_wconf 88' lang='lat' dir='ltr'><strong>uaporem.</strong></span> <span class='ocrx_word' id='word_1_201' title='bbox 704 2219 789 2319; x_wconf 76' lang='lat' dir='ltr'><strong>quod</strong></span> <span class='ocrx_word' id='word_1_202' title='bbox 810 2239 889 2304; x_wconf 82' lang='lat' dir='ltr'><strong>ergo</strong></span> <span class='ocrx_word' id='word_1_203' title='bbox 910 2217 1028 2303; x_wconf 91' lang='lat' dir='ltr'><strong>ubique</strong></span> <span class='ocrx_word' id='word_1_204' title='bbox 1038 2217 1079 2282; x_wconf 93' lang='lat' dir='ltr'><strong>ll</strong></span> <span class='ocrx_word' id='word_1_205' title='bbox 1103 2254 1107 2259; x_wconf 94' lang='lat'>·</span> 
     </span>
     <span class='ocr_line' id='line_1_25' title="bbox 57 2301 1173 2391; baseline -0.004 -20"><span class='ocrx_word' id='word_1_206' title='bbox 57 2307 238 2373; x_wconf 85' lang='lat' dir='ltr'><strong>alternatur</strong></span> <span class='ocrx_word' id='word_1_207' title='bbox 258 2306 415 2372; x_wconf 86' lang='lat' dir='ltr'><strong>uarietate</strong></span> <span class='ocrx_word' id='word_1_208' title='bbox 435 2304 609 2391; x_wconf 78' lang='lat' dir='ltr'><strong>temporis,</strong></span> <span class='ocrx_word' id='word_1_209' title='bbox 631 2304 752 2371; x_wconf 81' lang='lat' dir='ltr'><strong>houm</strong></span> <span class='ocrx_word' id='word_1_210' title='bbox 772 2303 805 2369; x_wconf 81' lang='lat' dir='ltr'>A</span> <span class='ocrx_word' id='word_1_211' title='bbox 891 2312 925 2368; x_wconf 86' lang='lat' dir='ltr'><strong>to</strong></span> <span class='ocrx_word' id='word_1_212' title='bbox 946 2301 1063 2368; x_wconf 70' lang='lat' dir='ltr'><strong>aem-⁶</strong></span> <span class='ocrx_word' id='word_1_213' title='bbox 1168 2378 1173 2385; x_wconf 48' lang='grc'><strong>,</strong></span> 
     </span>
     <span class='ocr_line' id='line_1_26' title="bbox 17 2387 1168 2491; baseline -0.003 -36"><span class='ocrx_word' id='word_1_214' title='bbox 17 2415 43 2456; x_wconf 77' lang='lat'><strong>25</strong></span> <span class='ocrx_word' id='word_1_215' title='bbox 56 2414 114 2491; x_wconf 87' lang='lat' dir='ltr'><strong>per</strong></span> <span class='ocrx_word' id='word_1_216' title='bbox 136 2396 186 2458; x_wconf 82' lang='lat' dir='ltr'><strong>est</strong></span> <span class='ocrx_word' id='word_1_217' title='bbox 208 2392 298 2457; x_wconf 76' lang='lat' dir='ltr'><strong>cuim</strong></span> <span class='ocrx_word' id='word_1_218' title='bbox 319 2413 375 2457; x_wconf 87' lang='lat' dir='ltr'><strong>aer</strong></span> <span class='ocrx_word' id='word_1_219' title='bbox 395 2412 464 2457; x_wconf 83' lang='lat' dir='ltr'><strong>aem</strong></span> <span class='ocrx_word' id='word_1_220' title='bbox 504 2393 587 2456; x_wconf 87' lang='lat' dir='ltr'><strong>reat</strong></span> <span class='ocrx_word' id='word_1_221' title='bbox 606 2390 644 2455; x_wconf 89' lang='lat' dir='ltr'><strong>in</strong></span> <span class='ocrx_word' id='word_1_222' title='bbox 665 2388 782 2456; x_wconf 86' lang='lat' dir='ltr'><strong>aalore.</strong></span> <span class='ocrx_word' id='word_1_223' title='bbox 835 2387 926 2475; x_wconf 79' lang='lat' dir='ltr'><strong>rigua</strong></span> <span class='ocrx_word' id='word_1_224' title='bbox 940 2387 1029 2454; x_wconf 89' lang='lat' dir='ltr'><strong>enim</strong></span> <span class='ocrx_word' id='word_1_225' title='bbox 1165 2406 1168 2411; x_wconf 87' lang='lat'>·</span> 
     </span>
    </p>
   </div>
   <div class='ocr_carea' id='block_1_9' title="bbox 55 2470 1175 2562">
    <p class='ocr_par' dir='ltr' id='par_1_9' title="bbox 55 2470 1175 2562">
     <span class='ocr_line' id='line_1_27' title="bbox 55 2470 1175 2562; baseline -0.004 -20"><span class='ocrx_word' id='word_1_226' title='bbox 55 2500 121 2542; x_wconf 87' lang='lat' dir='ltr'><strong>1ma</strong></span> <span class='ocrx_word' id='word_1_227' title='bbox 141 2480 256 2562; x_wconf 82' lang='lat' dir='ltr'><strong>patena</strong></span> <span class='ocrx_word' id='word_1_228' title='bbox 278 2477 394 2543; x_wconf 87' lang='lat' dir='ltr'><strong>uitium</strong></span> <span class='ocrx_word' id='word_1_229' title='bbox 475 2474 575 2542; x_wconf 81' lang='lat' dir='ltr'><strong>&#39;ribus</strong></span> <span class='ocrx_word' id='word_1_230' title='bbox 596 2473 776 2541; x_wconf 87' lang='lat' dir='ltr'><strong>inuoluitur</strong></span> <span class='ocrx_word' id='word_1_231' title='bbox 796 2476 831 2539; x_wconf 86' lang='lat' dir='ltr'><strong>et</strong></span> <span class='ocrx_word' id='word_1_232' title='bbox 849 2471 951 2539; x_wconf 84' lang='lat' dir='ltr'><strong>talem</strong></span> <span class='ocrx_word' id='word_1_233' title='bbox 971 2470 1029 2537; x_wconf 82' lang='lat' dir='ltr'><strong>dat</strong></span> <span class='ocrx_word' id='word_1_234' title='bbox 1167 2522 1175 2529; x_wconf 91' lang='lat'><em>.</em></span> 
     </span>
    </p>
   </div>
   <div class='ocr_carea' id='block_1_10' title="bbox 19 2555 1175 3151">
    <p class='ocr_par' dir='ltr' id='par_1_10' title="bbox 56 2555 1172 2812">
     <span class='ocr_line' id='line_1_28' title="bbox 56 2555 1159 2645; baseline -0.003 -20"><span class='ocrx_word' id='word_1_235' title='bbox 56 2563 246 2645; x_wconf 85' lang='lat' dir='ltr'><strong>qualitatem</strong></span> <span class='ocrx_word' id='word_1_236' title='bbox 267 2583 344 2628; x_wconf 84' lang='lat' dir='ltr'><strong>aueo</strong></span> <span class='ocrx_word' id='word_1_237' title='bbox 364 2560 442 2627; x_wconf 91' lang='lat' dir='ltr'><strong>inde</strong></span> <span class='ocrx_word' id='word_1_238' title='bbox 461 2560 621 2627; x_wconf 77' lang='lat' dir='ltr'><strong>nascenti.</strong></span> <span class='ocrx_word' id='word_1_239' title='bbox 661 2559 735 2625; x_wconf 90' lang='lat' dir='ltr'><strong>ideo</strong></span> <span class='ocrx_word' id='word_1_240' title='bbox 748 2557 892 2645; x_wconf 73' lang='lat' dir='ltr'><strong>regionis</strong></span> <span class='ocrx_word' id='word_1_241' title='bbox 906 2555 1029 2623; x_wconf 83' lang='lat' dir='ltr'><strong>ualidae</strong></span> <span class='ocrx_word' id='word_1_242' title='bbox 1129 2576 1132 2581; x_wconf 90' lang='lat'>·</span> <span class='ocrx_word' id='word_1_243' title='bbox 1151 2566 1159 2637; x_wconf 72' lang='lat' dir='ltr'>s</span> 
     </span>
     <span class='ocr_line' id='line_1_29' title="bbox 56 2645 483 2712; baseline 0.009 -4"><span class='ocrx_word' id='word_1_244' title='bbox 56 2646 135 2709; x_wconf 90' lang='lat' dir='ltr'><strong>uina</strong></span> <span class='ocrx_word' id='word_1_245' title='bbox 158 2645 262 2710; x_wconf 81' lang='lat' dir='ltr'><strong>calore</strong></span> <span class='ocrx_word' id='word_1_246' title='bbox 285 2649 483 2712; x_wconf 61' lang='lat' dir='ltr'><strong>oarueruntss</strong></span> 
     </span>
     <span class='ocr_line' id='line_1_30' title="bbox 142 2718 1172 2812; baseline 0.002 -19"><span class='ocrx_word' id='word_1_247' title='bbox 142 2728 325 2796; x_wconf 66' lang='lat' dir='ltr'><strong>‘tractatus</strong></span> <span class='ocrx_word' id='word_1_248' title='bbox 345 2733 468 2796; x_wconf 84' lang='lat' dir='ltr'><strong>noster’</strong></span> <span class='ocrx_word' id='word_1_249' title='bbox 488 2728 630 2795; x_wconf 74' lang='lat' dir='ltr'><strong>Albinus</strong></span> <span class='ocrx_word' id='word_1_250' title='bbox 650 2728 687 2794; x_wconf 89' lang='lat' dir='ltr'><strong>in</strong></span> <span class='ocrx_word' id='word_1_251' title='bbox 708 2727 759 2793; x_wconf 88' lang='lat' dir='ltr'><strong>uit</strong></span> <span class='ocrx_word' id='word_1_252' title='bbox 779 2726 891 2793; x_wconf 77' lang='lat' dir='ltr'><strong>‘semel</strong></span> <span class='ocrx_word' id='word_1_253' title='bbox 904 2726 1028 2812; x_wconf 72' lang='lat' dir='ltr'><strong>ingres-</strong></span> <span class='ocrx_word' id='word_1_254' title='bbox 1039 2718 1080 2787; x_wconf 83' lang='lat'><strong>12</strong></span> <span class='ocrx_word' id='word_1_255' title='bbox 1118 2720 1139 2747; x_wconf 69' lang='grc'><strong>’“</strong></span> <span class='ocrx_word' id='word_1_256' title='bbox 1156 2752 1172 2795; x_wconf 71' lang='grc' dir='ltr'><strong>τ·</strong></span> 
     </span>
    </p>

    <p class='ocr_par' dir='ltr' id='par_1_11' title="bbox 19 2810 1175 3151">
     <span class='ocr_line' id='line_1_31' title="bbox 19 2810 1029 2963; baseline -0.003 -83"><span class='ocrx_word' id='word_1_257' title='bbox 19 2835 111 2880; x_wconf 79' lang='lat' dir='ltr'><strong>sesua</strong></span> <span class='ocrx_word' id='word_1_258' title='bbox 134 2812 272 2879; x_wconf 81' lang='lat' dir='ltr'><strong>calorem</strong></span> <span class='ocrx_word' id='word_1_259' title='bbox 293 2836 361 2879; x_wconf 88' lang='lat' dir='ltr'><strong>uon</strong></span> <span class='ocrx_word' id='word_1_260' title='bbox 380 2814 478 2880; x_wconf 83' lang='lat' dir='ltr'><strong>facile</strong></span> <span class='ocrx_word' id='word_1_261' title='bbox 500 2814 565 2879; x_wconf 78' lang='lat' dir='ltr'><strong>alio</strong></span> <span class='ocrx_word' id='word_1_262' title='bbox 591 2813 667 2963; x_wconf 54' lang='lat' dir='ltr'><strong>etigr</strong></span> <span class='ocrx_word' id='word_1_263' title='bbox 708 2813 781 2879; x_wconf 73' lang='lat' dir='ltr'><strong>‘ton</strong></span> <span class='ocrx_word' id='word_1_264' title='bbox 833 2810 923 2878; x_wconf 81' lang='lat' dir='ltr'><strong>dieue</strong></span> <span class='ocrx_word' id='word_1_265' title='bbox 950 2831 1029 2896; x_wconf 81' lang='lat' dir='ltr'><strong>ergo</strong></span> 
     </span>
     <span class='ocr_line' id='line_1_32' title="bbox 57 2897 668 2996; baseline 0.003 -35"><span class='ocrx_word' id='word_1_266' title='bbox 57 2897 129 2962; x_wconf 93' lang='lat' dir='ltr'><strong>uolo</strong></span> <span class='ocrx_word' id='word_1_267' title='bbox 152 2919 209 2962; x_wconf 84' lang='lat' dir='ltr'><strong>eur</strong></span> <span class='ocrx_word' id='word_1_268' title='bbox 229 2898 282 2982; x_wconf 88' lang='lat' dir='ltr'><strong>qui</strong></span> <span class='ocrx_word' id='word_1_269' title='bbox 304 2898 341 2963; x_wconf 92' lang='lat' dir='ltr'><strong>in</strong></span> <span class='ocrx_word' id='word_1_270' title='bbox 363 2919 481 2996; x_wconf 82' lang='lat' dir='ltr'><strong>aquom</strong></span> <span class='ocrx_word' id='word_1_271' title='bbox 500 2897 620 2965; x_wconf 86' lang='lat' dir='ltr'><strong>deeoen</strong></span> <span class='ocrx_word' id='word_1_272' title='bbox 643 2898 668 2963; x_wconf 89' lang='lat' dir='ltr'><strong>&#39;t</strong></span> 
     </span>
     <span class='ocr_line' id='line_1_33' title="bbox 57 2978 1175 3069; baseline -0.003 -22"><span class='ocrx_word' id='word_1_273' title='bbox 57 2982 204 3065; x_wconf 81' lang='lat' dir='ltr'><strong>mouerit,</strong></span> <span class='ocrx_word' id='word_1_274' title='bbox 228 2982 336 3048; x_wconf 81' lang='lat' dir='ltr'><strong>minus</strong></span> <span class='ocrx_word' id='word_1_275' title='bbox 356 2985 462 3048; x_wconf 83' lang='lat' dir='ltr'><strong>untur</strong></span> <span class='ocrx_word' id='word_1_276' title='bbox 482 2982 582 3048; x_wconf 75' lang='lat' dir='ltr'><strong>sedai</strong></span> <span class='ocrx_word' id='word_1_277' title='bbox 603 2982 731 3069; x_wconf 75' lang='lat' dir='ltr'><strong>agitatu</strong></span> <span class='ocrx_word' id='word_1_278' title='bbox 752 3001 811 3047; x_wconf 82' lang='lat' dir='ltr'><strong>auo</strong></span> <span class='ocrx_word' id='word_1_279' title='bbox 831 3000 949 3065; x_wconf 83' lang='lat' dir='ltr'><strong>aquam</strong></span> <span class='ocrx_word' id='word_1_280' title='bbox 962 2998 1029 3045; x_wconf 81' lang='lat' dir='ltr'><strong>mo</strong></span> <span class='ocrx_word' id='word_1_281' title='bbox 1167 2978 1175 3063; x_wconf 76' lang='lat' dir='ltr'>j</span> 
     </span>
     <span class='ocr_line' id='line_1_34' title="bbox 57 3062 1171 3151; baseline -0.003 -20"><span class='ocrx_word' id='word_1_282' title='bbox 57 3067 156 3151; x_wconf 82' lang='lat' dir='ltr'><strong>uerit,</strong></span> <span class='ocrx_word' id='word_1_283' title='bbox 179 3066 333 3132; x_wconf 88' lang='lat' dir='ltr'><strong>maiorem</strong></span> <span class='ocrx_word' id='word_1_284' title='bbox 360 3067 461 3133; x_wconf 86' lang='lat' dir='ltr'><strong>eentit</strong></span> <span class='ocrx_word' id='word_1_285' title='bbox 481 3066 622 3133; x_wconf 78' lang='lat' dir='ltr'><strong>calorem</strong></span> <span class='ocrx_word' id='word_1_286' title='bbox 647 3068 682 3132; x_wconf 85' lang='lat' dir='ltr'><strong>et</strong></span> <span class='ocrx_word' id='word_1_287' title='bbox 705 3065 826 3132; x_wconf 79' lang='lat' dir='ltr'><strong>totiena</strong></span> <span class='ocrx_word' id='word_1_288' title='bbox 851 3084 936 3150; x_wconf 85' lang='lat' dir='ltr'><strong>aque</strong></span> <span class='ocrx_word' id='word_1_289' title='bbox 962 3062 1030 3129; x_wconf 88' lang='lat' dir='ltr'><strong>urit</strong></span> <span class='ocrx_word' id='word_1_290' title='bbox 1168 3072 1171 3077; x_wconf 83' lang='lat'>&#39;</span> 
     </span>
    </p>
   </div>
   <div class='ocr_carea' id='block_1_11' title="bbox 58 3297 1144 3576">
    <p class='ocr_par' dir='ltr' id='par_1_12' title="bbox 58 3297 1144 3576">
     <span class='ocr_line' id='line_1_35' title="bbox 125 3297 1144 3372; baseline -0.007 -16"><span class='ocrx_word' id='word_1_291' title='bbox 125 3309 286 3358; x_wconf 63' lang='lat' dir='ltr'><strong>territant</strong></span> <span class='ocrx_word' id='word_1_292' title='bbox 302 3297 335 3356; x_wconf 75' lang='grc' dir='ltr'><em>Ρ</em></span> <span class='ocrx_word' id='word_1_293' title='bbox 403 3297 653 3372; x_wconf 77' lang='lat' dir='ltr'><strong>tudponenturP&#39;</strong></span> <span class='ocrx_word' id='word_1_294' title='bbox 703 3306 813 3371; x_wconf 63' lang='lat' dir='ltr'><strong>intem</strong></span> <span class='ocrx_word' id='word_1_295' title='bbox 830 3303 857 3355; x_wconf 93' lang='grc' dir='ltr'><em>Ρ</em></span> <span class='ocrx_word' id='word_1_296' title='bbox 922 3300 1031 3352; x_wconf 74' lang='lat' dir='ltr'><strong>tulte-</strong></span> <span class='ocrx_word' id='word_1_297' title='bbox 1141 3356 1144 3361; x_wconf 52' lang='grc'><strong>,</strong></span> 
     </span>
     <span class='ocr_line' id='line_1_36' title="bbox 58 3368 1030 3440; baseline -0.003 -18"><span class='ocrx_word' id='word_1_298' title='bbox 58 3373 155 3423; x_wconf 82' lang='lat' dir='ltr'><strong>nusP</strong></span> <span class='ocrx_word' id='word_1_299' title='bbox 221 3376 363 3440; x_wconf 73' lang='lat' dir='ltr'><strong>‘trecepta</strong></span> <span class='ocrx_word' id='word_1_300' title='bbox 380 3371 422 3425; x_wconf 82' lang='lat' dir='ltr'><strong>eit</strong></span> <span class='ocrx_word' id='word_1_301' title='bbox 438 3372 464 3424; x_wconf 98' lang='grc' dir='ltr'><em>Ρ</em></span> <span class='ocrx_word' id='word_1_302' title='bbox 530 3373 564 3425; x_wconf 76' lang='lat' dir='ltr'><strong>to</strong></span> <span class='ocrx_word' id='word_1_303' title='bbox 580 3368 648 3439; x_wconf 70' lang='lat' dir='ltr'><strong>inte!</strong></span> <span class='ocrx_word' id='word_1_304' title='bbox 683 3371 739 3423; x_wconf 77' lang='lat' dir='ltr'><strong>aP</strong></span> <span class='ocrx_word' id='word_1_305' title='bbox 805 3372 839 3423; x_wconf 77' lang='lat'><strong>18</strong></span> <span class='ocrx_word' id='word_1_306' title='bbox 850 3370 1030 3435; x_wconf 57' lang='lat' dir='ltr'><strong>contempto</strong></span> 
     </span>
     <span class='ocr_line' id='line_1_37' title="bbox 58 3432 1032 3509; baseline -0.004 -20"><span class='ocrx_word' id='word_1_307' title='bbox 58 3441 85 3489; x_wconf 91' lang='lat' dir='ltr'><em>P</em></span> <span class='ocrx_word' id='word_1_308' title='bbox 151 3443 184 3495; x_wconf 77' lang='lat'><strong>16</strong></span> <span class='ocrx_word' id='word_1_309' title='bbox 202 3443 317 3509; x_wconf 75' lang='lat' dir='ltr'><strong>eopertd</strong></span> <span class='ocrx_word' id='word_1_310' title='bbox 335 3440 361 3492; x_wconf 88' lang='lat' dir='ltr'><em>P</em></span> <span class='ocrx_word' id='word_1_311' title='bbox 427 3455 481 3507; x_wconf 73' lang='lat' dir='ltr'><strong>qap</strong></span> <span class='ocrx_word' id='word_1_312' title='bbox 496 3438 531 3492; x_wconf 87' lang='lat' dir='ltr'><strong>de</strong></span> <span class='ocrx_word' id='word_1_313' title='bbox 549 3439 576 3491; x_wconf 89' lang='grc' dir='ltr'><em>Ρ</em></span> <span class='ocrx_word' id='word_1_314' title='bbox 701 3437 783 3491; x_wconf 75' lang='lat' dir='ltr'><strong>emur</strong></span> <span class='ocrx_word' id='word_1_315' title='bbox 798 3452 848 3490; x_wconf 77' lang='lat' dir='ltr'><strong>aar</strong></span> <span class='ocrx_word' id='word_1_316' title='bbox 865 3436 972 3500; x_wconf 78' lang='lat' dir='ltr'><strong>temper</strong></span> <span class='ocrx_word' id='word_1_317' title='bbox 990 3432 1032 3487; x_wconf 77' lang='lat' dir='ltr'><strong>eit</strong></span> 
     </span>
     <span class='ocr_line' id='line_1_38' title="bbox 58 3507 464 3576; baseline 0 -16"><span class='ocrx_word' id='word_1_318' title='bbox 58 3524 106 3564; x_wconf 77' lang='lat' dir='ltr'><strong>om.</strong></span> <span class='ocrx_word' id='word_1_319' title='bbox 124 3510 151 3559; x_wconf 89' lang='lat' dir='ltr'><em>P</em></span> <span class='ocrx_word' id='word_1_320' title='bbox 216 3507 250 3562; x_wconf 79' lang='grc'><strong>30</strong></span> <span class='ocrx_word' id='word_1_321' title='bbox 266 3508 422 3576; x_wconf 73' lang='lat' dir='ltr'><strong>ingreditur</strong></span> <span class='ocrx_word' id='word_1_322' title='bbox 437 3508 464 3560; x_wconf 88' lang='grc' dir='ltr'><em>Ρ</em></span> 
     </span>
    </p>
   </div>
   <div class='ocr_carea' id='block_1_12' title="bbox 0 0 1186 3878">
    <p class='ocr_par' dir='ltr' id='par_1_13' title="bbox 0 0 1186 3878">
     <span class='ocr_line' id='line_1_39' title="bbox 0 0 1186 3878; baseline 0 0"><span class='ocrx_word' id='word_1_323' title='bbox 0 0 1186 3878; x_wconf 95' lang='lat' dir='ltr'><strong> </strong></span> 
     </span>
    </p>
   </div>
   <div class='ocr_carea' id='block_1_13' title="bbox 689 2895 1171 2963">
    <p class='ocr_par' dir='ltr' id='par_1_14' title="bbox 689 2895 1171 2963">
     <span class='ocr_line' id='line_1_40' title="bbox 689 2895 1171 2963; baseline -0.012 0"><span class='ocrx_word' id='word_1_324' title='bbox 689 2895 827 2963; x_wconf 80' lang='lat' dir='ltr'><strong>calidam</strong></span> <span class='ocrx_word' id='word_1_325' title='bbox 855 2895 884 2960; x_wconf 83' lang='lat' dir='ltr'><strong>ai</strong></span> <span class='ocrx_word' id='word_1_326' title='bbox 905 2916 940 2961; x_wconf 83' lang='lat' dir='ltr'><strong>ae</strong></span> <span class='ocrx_word' id='word_1_327' title='bbox 961 2915 1029 2960; x_wconf 91' lang='lat' dir='ltr'><strong>non</strong></span> <span class='ocrx_word' id='word_1_328' title='bbox 1164 2914 1171 2921; x_wconf 93' lang='lat'><strong>··</strong></span> 
     </span>
    </p>
   </div>
  </div>
 </body>
</html>
