2362 3878
155 205 220 270 466
573 220 670 267 marn
693 220 706 266 1

156 378 213 442 nio
234 375 269 438 in
292 374 343 438 his
364 372 567 459 potissimum
588 372 681 436 libris
702 393 782 456 opus
803 372 917 455 fuerit,
948 374 983 438 in
1012 376 1129 458 quibus

158 461 326 525 derorum
353 458 555 543 publicarum
577 460 665 521 statu
690 455 919 542 loquebantur,
949 480 1052 542 quoue
1081 465 1129 525 at-

157 545 292 610 tinuerit
312 544 399 608 inter
414 542 695 628 gubernandarum
716 543 844 606 urbium
867 545 1045 609 constituta
1068 549 1128 611 eir-

159 630 246 696 culos
268 629 361 694 orbes
384 629 559 714 globosque
575 628 770 710 describere,
794 628 833 691 de
856 628 1022 693 stellarum
1037 635 1129 696 motu

79 731 82 737 ’
157 714 197 780 de
231 715 311 780 caeli
342 714 550 778 conuersione
581 715 723 777 tractare
749 713 897 796 quaesitu
926 713 1062 799 dignum
1096 720 1154 781 ets

156 800 237 865 mihi
263 800 368 863 uisum
390 802 440 862 est
462 801 494 863 et
521 797 594 862 aliis
615 797 753 862 fortasse
775 798 940 881 uideatur,
968 821 1011 863 ne
1038 800 1128 866 uiros

156 885 317 971 sapientia
331 883 562 969 praecellentes
576 882 721 966 nihilque
734 883 770 947 in
789 883 1043 967 inuestigatione
1058 887 1128 950 ueri

156 971 221 1035 nisi
243 969 389 1034 diuinum
416 968 536 1033 sentire
564 968 676 1032 solitos
707 967 828 1052 aliquid
855 968 1015 1054 castigabo
1038 973 1128 1055 operi

157 1056 312 1120 adiecisse
335 1054 531 1138 superfluum
552 1054 760 1137 suspicemur.
799 1052 838 1116 de
859 1051 923 1118 boc
938 1075 1015 1138 ergo
1037 1056 1127 1138 prius

156 1163 261 1224 pauca
283 1140 418 1204 dicenda
446 1141 523 1203 sunt
549 1141 586 1202 ut
612 1138 733 1222 liquido
759 1159 851 1202 mens
874 1138 978 1223 operis
1001 1140 1041 1203 de
1064 1162 1128 1224 quo
1141 1158 1164 1198 ιο

120 1223 142 1286 4
156 1225 317 1310 loquimur
331 1225 524 1288 innotescat.
557 1245 663 1287 rerum
678 1222 821 1287 omnium
836 1223 930 1289 Plato
947 1226 980 1288 et
996 1227 1128 1289 actuum

156 1314 308 1374 naturam
353 1309 459 1372 enitus
473 1308 649 1390 inspiciens
666 1308 806 1372 aduertit
825 1309 860 1373 in
876 1309 964 1373 omni
979 1330 1127 1374 sermone

157 1393 196 1457 de
218 1394 265 1457 rei
291 1332 440 1478 publicae
467 1392 671 1456 institutione
696 1393 861 1477 proposito
889 1393 1128 1459 infundendum

157 1478 273 1541 animis
300 1477 442 1541 iustitiae
470 1498 628 1559 amorem,
664 1477 733 1541 sine
761 1500 824 1562 qua
850 1500 917 1543 non
945 1478 1048 1542 solum
1076 1502 1127 1544 res

155 1562 286 1647 publica
308 1563 364 1626 sed
385 1584 446 1626 nec
461 1563 596 1647 exiguus
617 1561 784 1626 hominum
801 1566 909 1628 coetus
930 1585 991 1628 nee
1013 1564 1126 1629 domus
1140 1580 1162 1621 1⁵

119 1645 284 1732 5quidem
311 1669 413 1732 parua
442 1648 612 1713 constabit.
664 1648 704 1712 ad
737 1646 824 1712 huno
856 1670 952 1732 porro
982 1649 1126 1714 iustitiae

157 1732 308 1798 affectum
329 1733 513 1817 pectoribus
540 1732 772 1797 inoculandum
793 1733 876 1797 nihil
897 1756 997 1819 aeque
1018 1738 1127 1818 patro-

157 1818 339 1882 cinatumm
359 1819 443 1883 uidit
469 1841 565 1902 quam
588 1819 616 1882 si
637 1819 761 1882 fructus
785 1819 852 1883 eius
873 1841 942 1883 non
963 1819 1127 1883 uideretur

157 1924 229 1967 eum
250 1905 319 1968 uita
340 1903 480 1968 hominis
501 1903 679 1968 terminari.
716 1903 804 1967 hunc
823 1925 900 1968 uero
922 1903 1126 1986 superstitem

9 2021 21 2035 ··
45 2024 48 2028 ·
156 1986 271 2053 durare
292 1992 366 2072 post
388 1989 550 2053 hominem
572 1988 626 2072 qui
654 1991 782 2072 poterat
802 1989 929 2054 ostendi
950 1989 1014 2052 nisi
1036 1989 1161 2072 prius20

156 2072 196 2137 de
211 2074 337 2138 animae
353 2074 596 2139 immortalitate
612 2073 799 2138 constaret?
833 2073 896 2137 fide
912 2076 1021 2138 autem
1036 2074 1125 2138 facta

155 2159 381 2242 perpetuitatis
404 2160 583 2224 animarum
607 2179 804 2244 consequens
827 2180 896 2223 esse
924 2158 1125 2223 animaduer-

155 2244 198 2306 tit
224 2246 261 2307 ut
289 2246 376 2308 certa
403 2244 467 2308 illis
500 2243 572 2308 loca
598 2264 685 2308 nexu
713 2243 854 2326 corporis
882 2243 1038 2308 absolutis
1066 2265 1125 2327 pro

157 2329 376 2412 contemplatu
403 2328 496 2412 probi
522 2328 700 2412 improbius
728 2328 835 2392 meriti
864 2327 1018 2411 deputata
1048 2328 1123 2394 sint.

121 2405 203 2476 tric
240 2414 276 2478 in
310 2412 482 2477 Phaedone
520 2413 821 2498 inexpugnabilium
859 2413 929 2477 luce
960 2413 1125 2477 rationum
1138 2431 1163 2470 2⁵

156 2497 266 2560 anima
287 2497 322 2560 in
344 2519 453 2561 ueram
476 2498 670 2582 dignitatem
699 2499 848 2580 propriae
870 2497 1126 2562 immortalitatis

156 2581 284 2644 adserta
306 2583 449 2664 sequitur
469 2581 635 2646 distinctio
655 2581 798 2646 locorum
813 2604 894 2668 quae
916 2583 1002 2647 hane
1022 2584 1126 2649 uitam

223 2788 464 2852 2loquebaturP
530 2786 669 2838 torbrh’
737 2791 814 2840 motu
832 2789 954 2839 Zeunius:
977 2788 1057 2839 modo
1076 2788 1125 2838 PB

154 2857 170 2906 6
188 2855 264 2905 ullus
277 2847 311 2904 B'
365 2872 418 2906 nec
436 2858 467 2920 P,
486 2858 577 2907 dende
594 2872 676 2921 cupra
693 2857 768 2907 uiros
785 2858 847 2908 add.
861 2853 932 2907 tec
948 2873 967 2920 p
1020 2859 1126 2907 ‘lueri-

153 2923 224 2974 tatrs
237 2923 265 2973 B
319 2928 335 2976 9
352 2923 406 2974 hoc
423 2929 510 3002 ignor
526 2925 553 2975 B
623 2926 654 2975 11
669 2932 732 2989 poet
750 2923 905 2975 rnnotescat
921 2926 1081 2976 interdicetur
1098 2927 1126 2975 ia

153 3009 180 3060 P
251 2995 479 3060 RERVOMNIV
496 3008 619 3061 PLATO
637 3009 717 3060 metro
734 3012 820 3060 colore
837 3011 979 3074 scriptoria
998 3011 1024 3059 P
1090 3011 1126 3060 ad

152 3093 253 3146 BERV
271 3095 331 3147 edd.
350 3093 523 3158 naturalisp
592 3096 628 3144 ad
650 3099 762 3145 actuum
785 3095 846 3144 add.
870 3093 982 3143 moralis
1001 3111 1022 3159 p
1092 3096 1124 3145 12

154 3160 276 3213 sermone
296 3163 341 3212 suo
359 3163 385 3213 P
434 3164 466 3212 13
483 3161 654 3212 mfnndendo
673 3154 705 3212 P'
774 3163 807 3212 14
824 3177 917 3212 amore
936 3162 961 3211 B
1008 3164 1044 3212 ad
1059 3163 1127 3227 trec

152 3233 233 3280 uerba
251 3228 342 3296 (neque
359 3231 424 3280 enim
441 3231 478 3280 ad
494 3232 563 3295 qood
578 3230 680 3279 uerbum
697 3232 828 3294 pertineat
838 3230 1015 3295 riparflcotum)
1028 3228 1123 3284 addN

154 3298 202 3347 eui
219 3298 288 3348 felix
299 3311 334 3346 -τ-
345 3313 367 3351 r.
378 3313 405 3361 p.
416 3294 420 3362 l
432 3299 549 3348 stantib.
560 3297 678 3349 moenib.
695 3295 699 3362 Ι
714 3299 828 3350 mentib.
848 3299 945 3352 morib.
960 3315 981 3363 p
998 3300 1026 3349 in
1043 3315 1124 3365 merp.

154 3402 186 3450 15
205 3398 286 3449 cetus
299 3414 335 3449 ne
347 3397 373 3447 B
442 3400 474 3449 17
487 3399 672 3452 mocenlendr'r
685 3399 712 3450 B
763 3375 947 3467 petrdber‘um
966 3399 1080 3465 (netum
1098 3404 1125 3451 ta

147 3467 258 3528 rar‚)B
325 3468 359 3517 24
375 3466 490 3531 mpbrue
501 3467 527 3518 B
579 3470 612 3520 25
629 3468 770 3534 phedrone
783 3469 815 3533 P,
834 3471 887 3520 hoc
900 3470 974 3520 lecto
992 3470 1124 3532 theoptns

135 3532 213 3586 libro
229 3551 348 3604 perprrr
362 3551 395 3590 se
409 3534 488 3592 dedit
505 3553 611 3593 emuro·
630 3554 659 3604 p,
673 3535 813 3605 phedrone
832 3539 857 3588 B
