2362 3878
441 221 505 287 xv,
524 214 632 267 13-11
956 205 1019 271 457

53 378 227 442 reiectatur
247 375 335 440 foras
356 374 510 438 ineolumi
531 373 708 439 stomacho.
753 374 836 459 quod
857 396 924 440 non
947 397 1021 442 con·

53 463 197 548 tingeret
228 461 291 525 nisi
324 457 467 544 ἀρτηρία
499 459 552 522 uia
586 457 669 525 esset
696 459 849 524 humoris
899 461 955 525 sed
987 459 1073 526 1118

53 548 114 612 hoe
135 547 171 611 in
198 545 369 631 propatulo
398 547 447 608 est
473 544 548 628 quia
570 544 685 628 quibus
714 565 811 629 aeger
838 546 888 609 111
913 545 1022 629 pulmo

55 631 274 696 accenduntur
296 630 331 693 in
352 629 524 693 maximam
547 628 650 712 sitim,
679 628 762 714 quod
784 651 850 694 non
878 631 1023 694 eueniret

28 717 118 780 111111
141 718 224 780 11111
249 715 358 798 pulmo
386 713 623 811 receptaculum
650 711 755 799 potus.
809 713 871 779 hoo
898 735 1023 801 quoque

54 801 180 864 intuere
202 801 286 884 quod
309 797 461 863 animaha
483 798 598 882 quibus
620 798 729 882 pulmo
751 820 818 863 non
840 802 889 864 est
910 801 1023 883 potum

54 886 215 949 nesciunt.
261 887 379 949 natura
406 883 493 948 enim
519 882 602 947 nihil
630 883 825 968 superfluum
848 882 903 948 sed
924 905 1022 947 mem-

54 971 113 1033 bra
142 968 269 1054 singula
298 968 337 1033 ad
365 967 491 1053 aliquod
525 967 656 1033 uiuendi
688 964 903 1033 ministerium
934 968 1021 1050 feeit,

56 1054 139 1140 quod
163 1076 234 1119 cum
257 1054 346 1118 deest
368 1075 443 1118 usus
466 1053 533 1118 eius
555 1074 621 1117 non
643 1052 852 1118 desideratur.
885 1052 939 1117 uel
960 1053 1022 1118 hoe
1033 1050 1074 1114 19

17 1162 41 1200 10
56 1140 162 1224 cogita
184 1139 268 1223 quia,
284 1139 311 1203 si
326 1137 510 1203 stomachus
526 1138 632 1203 eibum
646 1137 1021 1223 potumquesusciperet,

54 1223 233 1307 superfluus
254 1223 340 1288 foret
360 1224 486 1288 uesicae
507 1243 594 1290 usus.
644 1226 773 1306 poterat
795 1224 881 1288 enim
907 1223 1023 1287 utrius-

55 1331 115 1392 que
137 1309 184 1372 rei
206 1308 389 1373 stomachus
417 1308 606 1373 retrimenta
633 1308 789 1372 intestino
815 1307 944 1372 tradere
973 1307 1024 1372 oui

55 1414 143 1456 nunc
165 1392 261 1456 solius
284 1393 346 1457 cibi
368 1393 470 1457 tradit
491 1414 551 1457 nee
574 1414 654 1476 opus
677 1396 761 1457 esset
783 1392 917 1457 diuersis
938 1414 1023 1456 mea-

55 1477 142 1541 tibus
171 1476 285 1560 quibus
312 1478 442 1562 singula
469 1477 675 1543 traderentur
702 1477 868 1542 sedunus
896 1478 1024 1561 utrique

18 1583 42 1622 15
56 1561 220 1625 sufficeret
241 1561 282 1624 ab
305 1563 416 1626 eadem
438 1563 576 1626 statione
590 1563 791 1646 transmisso,
807 1562 901 1627 modo
916 1564 1025 1626 autem

56 1667 197 1710 seorsum
225 1646 332 1710 uesica
355 1650 388 1710 et
413 1647 605 1711 intestinum
626 1668 770 1711 seorsum
796 1647 894 1712 saluti
915 1647 1024 1728 1111111,

56 1731 131 1815 quia
160 1730 208 1794 illi
236 1731 421 1796 stomachus
441 1731 556 1814 tradit,
578 1731 688 1815 pulmo
709 1732 845 1796 uesicae.
883 1728 1079 1795 1111111120

56 1816 323 1899 praetereundum
339 1821 389 1881 est
409 1815 494 1901 quod
509 1817 546 1879 in
559 1817 663 1898 urina,
686 1837 767 1898 quae
789 1821 839 1880 est
859 1815 1024 1879 retrimen-

56 1906 142 1963 trum
164 1903 270 1984 potus,
293 1900 419 1964 nullum
441 1900 505 1965 eibi
526 1899 699 1984 uestigium
714 1899 873 1983 reperitur
888 1902 943 1963 sed
964 1921 1026 1965 nec

18 2009 44 2048 20
58 1983 164 2067 aliqua
186 1985 343 2068 qualitate
357 1985 485 2048 illorum
499 1985 759 2048 retrimentorum
774 1984 826 2048 uel
841 1983 954 2049 eoloris
973 1982 1026 2048 uel

56 2068 161 2132 odoris
182 2067 336 2152 inficitur,
360 2070 443 2152 quod
458 2069 485 2132 si
500 2069 535 2133 in
557 2070 670 2132 uentre
691 2068 785 2132 simul
806 2068 953 2151 fuissent,
970 2067 1026 2130 ali·

57 2174 119 2236 qua
145 2152 273 2216 illarum
300 2153 441 2217 sordium
467 2153 605 2237 qualitas
631 2152 825 2217 inficeretur.
870 2173 947 2217 nam
970 2172 1025 2234 po·
1034 2154 1075 2219 21

57 2241 175 2302 stremo
197 2237 320 2321 lapides
342 2239 397 2322 qui
419 2238 458 2302 de
481 2241 559 2321 potu
581 2237 617 2300 in
638 2237 746 2302 uesica
771 2240 949 2302 naseuntur
971 2257 1027 2300 cur

57 2344 233 2406 numquam
259 2323 295 2386 in
322 2326 435 2388 uentre
466 2322 666 2405 coalescunt,
703 2343 784 2386 cum·
802 2343 867 2386 non
895 2321 960 2386 nisi
988 2341 1026 2383 ex

18 2433 44 2472 25
57 2412 135 2490 potu
150 2407 232 2473 fiant
247 2412 279 2472 et
294 2408 385 2473 nasci
398 2408 434 2472 in
456 2411 570 2472 uentre
585 2428 709 2492 quoque
725 2406 894 2470 debuerint
909 2405 936 2470 si
951 2426 1026 2469 uen-

58 2497 106 2556 ter
121 2496 205 2557 esset
219 2492 458 2577 receptaculum
502 2491 598 2558 otus?
623 2492 660 2556 in
681 2491 867 2576 pulmonem
889 2487 1079 2554 1111111122

58 2580 169 2658 potum
191 2598 252 2642 nec
296 2582 387 2642 cetae
409 2515 563 2642 nobilesi
588 2579 716 2642 norant.
768 2577 815 2641 ait
843 2573 1026 2640 1111111111-

59 2659 162 2742 polis
184 2600 350 2727 1111111111
373 2684 454 2746 quae
476 2662 576 2727 insen
599 2662 664 2726 itur
686 2659 838 2738 Κόλακες
911 2729 912 2732 ,

464 2766 578 2828 πίνειν

21 2872 46 2910 111
101 2843 167 2926 γὰρ
190 2841 208 2908 ὁ
231 2845 461 2929 Πρωταγόρας
484 2845 659 2930 ductarier,
682 2847 740 2910 ἵνα

102 2925 201 3012 'qnod
223 2933 285 2993 τοῦ
308 2927 411 3007 κυνὸς
432 2928 494 2995 τὸν
515 2928 682 3015 πνεύμον’
706 2934 849 2996 ἔκλυτον
871 2931 941 3015 ἔχῃ.

128 3137 160 3187 29
178 3134 314 3185 Meinekii
332 3134 432 3202 fragm.
451 3151 520 3190 com.
538 3135 576 3196 11,
596 3138 609 3186 1
628 3152 655 3203 p.
672 3138 721 3188 491

130 3324 160 3371 12
178 3319 334 3388 tradeldere
354 3323 378 3370 P
461 3322 494 3373 26
511 3321 595 3387 putus
608 3311 640 3372 P'
725 3323 758 3374 28
780 3320 891 3373 coluees
904 3324 931 3374 P
996 3323 1030 3371 30

60 3385 152 3439 πίνειν
169 3389 222 3454 γὰρ
240 3388 331 3441 αὐτὸν
348 3387 545 3454 Πρωταγόρας
562 3387 674 3441 ἐκέλευ’
689 3385 737 3441 ἵνα
754 3388 899 3440 Meineleius
950 3386 1029 3440 ΤΑΡ-

59 3452 252 3578 Πὲἓξθείἓξ
263 3454 494 3578 ἤάηθὲὶεΠΡω
512 3458 538 3506 Ρ
602 3454 807 3510 ΠΝΕΥΜΟΝΑ
826 3452 987 3509 ΕΚΛΥΡΟΝ
1006 3456 1032 3504 Ρ
