2362 3878
492 197 562 262 1111,
579 191 672 240 5-14
1003 179 1066 244 587

95 351 181 415 tibus
204 349 339 413 eandem
360 348 427 412 uim
449 349 556 412 sortiri
579 348 804 412 existimantur
825 348 910 413 unde
933 349 979 413 ait
1000 348 1066 413 illi

95 437 228 499 autem
250 436 339 498 octo
363 454 497 510 cursus
519 433 560 497 in
587 434 728 517 quibus
757 431 890 496 eadem
920 433 982 498 nis
1004 436 1066 498 est

96 520 271 601 duorum,
302 520 454 602 septem
482 517 676 582 efficiunt
703 516 923 581 distinctos
944 517 1065 581 inter-

94 602 214 668 uallis
248 623 381 685 sonos,
415 602 482 686 qui
514 622 700 666 numerus
732 622 863 665 rerum
896 601 1065 665 omnium

69 687 328 753 sserenodus
350 688 419 750 est.
466 687 683 770 septenarium
705 688 813 750 autem
833 706 1003 750 numerum
1018 707 1066 750 re
1077 685 1117 750 10

94 795 165 836 rum
197 771 340 836 omnium
368 771 488 835 nodum
516 792 585 836 esse
617 771 713 855 plene
752 792 823 835 cum
857 770 895 834 de
923 770 1065 834 numeris

97 856 242 940 superius
262 856 464 940 loqueremur
491 856 720 940 expressimus,
745 855 785 919 ad
807 855 1066 919 inluminandam

93 944 131 1004 ut
152 940 285 1004 aestimo
307 940 534 1004 obscuritatem
556 940 728 1005 uerborum
750 939 914 1005 Ciceronis
940 939 978 1004 de
998 961 1066 1003 mu·

94 1026 161 1089 sica
182 1028 341 1089 tractatus
363 1025 545 1089 succinctus
568 1047 587 1088 a
608 1024 701 1089 nobis
724 1046 786 1110 qua
800 1023 891 1088 licuit
905 1023 1066 1088 breuitate

56 1130 81 1169 ιο
95 1106 244 1174 sufficiet.
289 1131 365 1173 nam
386 1112 481 1173 netas
504 1112 536 1174 et
562 1109 702 1192 hypatas
729 1108 926 1193 aliarumque
954 1107 1066 1172 fidium
1077 1106 1115 1170 11

93 1193 249 1258 uocabula
273 1215 461 1290 percurrere
489 1196 522 1258 et
550 1196 699 1257 tonorum
726 1193 778 1257 uel
804 1193 987 1257 limmetum
1007 1192 1065 1256 mi-

93 1281 174 1342 nuta
196 1278 327 1342 subtrlia
350 1280 383 1341 et
410 1278 485 1363 quid
516 1278 551 1341 in
574 1277 660 1341 sonis
688 1299 747 1361 pro
768 1276 892 1360 littera,
916 1276 992 1362 quid
1006 1297 1066 1360 pro

95 1363 233 1445 syllaba,
256 1362 332 1446 quid
347 1383 405 1446 pro
420 1365 548 1447 integro
571 1362 701 1426 nomine
723 1362 900 1446 accipiatur
920 1362 1066 1427 adserere

94 1447 287 1510 ostentantis
316 1450 378 1528 est,
406 1468 473 1511 non
495 1447 650 1511 docentis.
694 1468 755 1511 nec
778 1447 863 1511 enim
885 1447 960 1531 quia
987 1443 1117 1510 fecit12

56 1549 81 1590 15
95 1531 129 1593 in
157 1531 218 1594 hoc
245 1531 316 1595 loco
344 1530 455 1595 Cicero
482 1532 623 1596 musicae
650 1532 864 1615 mentionem,
897 1531 1065 1596 occasione

93 1615 154 1679 hac
177 1614 316 1679 eundum
338 1618 387 1679 est
407 1637 466 1699 per
487 1616 654 1680 uniuersos
675 1618 835 1681 tractatus
857 1617 911 1699 qni
931 1617 1066 1700 possunt

94 1721 162 1764 esse
185 1699 223 1764 de
245 1699 383 1782 musica,
408 1721 485 1784 quos
506 1703 665 1785 quantum
686 1722 757 1764 mea
781 1700 846 1764 fert
872 1700 982 1782 opinio
1003 1701 1066 1762 ter-

92 1785 216 1848 minum
230 1785 348 1849 habere
363 1806 430 1849 non
446 1786 594 1867 aestimo,
617 1784 672 1848 sed
686 1785 743 1847 illa
758 1786 835 1847 sunt
846 1782 1067 1867 persequenda

94 1869 207 1950 quibus
229 1869 329 1931 uerba
357 1890 438 1952 quae
466 1867 670 1950 explananda
696 1866 855 1951 receperis
881 1867 1007 1951 possint
1028 1865 1066 1931 li·

55 1972 81 2010 20
94 1972 190 2034 quere
218 1951 293 2034 quia
320 1952 355 2013 in
383 1972 418 2014 re
445 1949 639 2015 naturaliter
666 1951 802 2015 obscura
851 1951 885 2015 ui
912 1952 948 2015 in
970 1972 1065 2035 expo·

92 2034 200 2098 nendo
232 2034 325 2118 plura
364 2055 459 2118 quam
491 2054 622 2098 necesse
654 2037 703 2100 est
735 2056 813 2118 supe
845 2034 940 2099 undit
975 2035 1066 2099 addit

93 2118 258 2201 tenebras,
287 2140 355 2183 non
388 2118 501 2183 adimit
534 2119 737 2183 densitatem.
781 2119 866 2184 unde
894 2119 993 2184 finem
1027 2120 1066 2183 de
1076 2118 1116 2184 13

93 2203 154 2267 hac
175 2205 334 2267 tractatus
355 2206 448 2286 parte
469 2202 624 2268 faciemus
647 2203 771 2269 adiecto
793 2225 858 2267 uno
880 2203 963 2287 quod
983 2203 1066 2268 scitu

94 2288 229 2372 dignum
255 2290 420 2372 putamus,
448 2288 523 2372 quia
552 2309 623 2352 curn
651 2288 718 2353 sint
745 2287 909 2374 melodiae
922 2288 1065 2353 musicae

55 2391 81 2432 as
94 2373 157 2436 tria
179 2394 315 2458 genera,
340 2373 562 2437 enarmonium
584 2372 752 2437 diatonum
774 2375 807 2436 et
821 2371 1063 2454 chromaticum,

93 2457 233 2541 primum
254 2457 381 2542 quidem
403 2460 536 2542 propter
557 2456 692 2521 nimiam
714 2456 762 2521 sui
785 2457 1009 2521 difficultatem
1024 2457 1065 2521 ab

93 2563 153 2604 usu
174 2543 318 2626 recessit,
341 2543 474 2607 tertium
494 2562 571 2606 uero
594 2545 643 2606 est
664 2541 785 2606 infame
807 2540 956 2624 mollitie,
979 2541 1065 2605 unde

94 2626 234 2689 medium
261 2627 295 2690 id
323 2630 370 2691 est
403 2627 569 2691 diatonum
607 2627 790 2691 mundanae
824 2625 964 2690 musicae
992 2624 1065 2690 doe-

93 2709 181 2774 trina
199 2709 342 2774 Platonis
358 2711 560 2775 adscribitur.
588 2732 648 2775 nee
663 2710 819 2775 hocinter
829 2711 1065 2794 praetereunda
1076 2709 1116 2773 14

57 2814 249 2878 reponemus
277 2794 361 2876 quod
387 2795 542 2858 musicam
569 2797 725 2879 perpetua
753 2795 833 2859 caeli
861 2794 1064 2859 uolubilitate
1173 2815 1176 2823 ·

94 2880 282 2942 nascentem
317 2877 388 2941 ideo
428 2878 513 2942 clare
550 2899 618 2942 non
656 2878 811 2943 sentimus
844 2879 956 2943 auditu
989 2879 1064 2963 quia

94 2963 197 3026 maior
224 2982 321 3026 sonus
349 2964 397 3025 est
424 2983 521 3046 quam
547 2965 584 3026 ut
604 2962 817 3027 humanarum
839 2963 964 3027 aurium
985 2963 1064 3027 reci·

164 3150 358 3200 leamdemP
408 3149 539 3201 lortrtrP
589 3150 777 3216 tsepteraru'r
794 3153 820 3201 P
871 3150 1064 3202 '11llum1nand

96 3217 195 3283 (cetera
212 3216 378 3280 rennuerunt)
398 3216 424 3265 B
494 3219 525 3270 10
543 3217 657 3284 hrpatal
669 3218 695 3268 Β
764 3220 797 3269 12
816 3218 921 3270 subrdra
939 3219 965 3267 P
1032 3220 1064 3268 13

95 3286 195 3337 srllaba
220 3285 246 3334 B
332 3284 450 3335 asserere
477 3284 503 3333 B
589 3288 621 3336 17
649 3301 684 3336 ea
708 3279 742 3336 P'
838 3290 871 3338 19
897 3285 1064 3350 explicanda

95 3353 121 3403 Β
188 3352 462 3404 2teromatici1PB
539 3355 572 3406 28
594 3352 718 3421 doctrine
739 3346 774 3403 B'
853 3357 886 3404 29
907 3352 1065 3404 asscribitur

94 3421 121 3468 B
172 3419 303 3498 hoopnte
320 3425 393 3472 mter
415 3422 476 3475 add.
496 3413 531 3471 B'
581 3423 614 3472 30
628 3421 681 3472 boe
703 3429 764 3472 ante
782 3420 853 3487 quod
870 3423 931 3474 add.
950 3418 977 3469 B
1028 3422 1060 3471 32

95 3492 126 3537 ut
144 3502 192 3538 om.
211 3490 238 3539 P
