2362 3878
173 162 233 226 138
583 176 679 224 uisui
703 177 730 223 ii

170 331 225 396 ille
248 330 418 398 Censorius
447 333 561 415 argute
583 330 683 394 iocari
706 329 817 394 solitus
840 332 899 394 est.
944 329 1062 395 horum
1084 353 1144 396 rios

171 416 212 480 ab
234 415 357 480 inuidia
379 416 520 480 muniret
542 416 717 479 auctoritas
740 415 838 479 etiam
861 414 888 479 si
902 415 1024 479 nostris
1045 417 1143 481 cauil-

170 500 326 583 lmemur,
362 504 395 564 at
429 522 502 564 oum
535 499 697 564 ueteribus
726 500 812 564 diota
840 499 1035 584 referamus,
1072 500 1142 586 ipsa

170 586 279 670 utique
302 587 467 649 auctorum
490 584 648 670 dignitate
672 584 883 649 defendimur.
921 585 949 649 si
971 607 1051 670 ergo
1072 607 1142 684 pro-

169 671 253 735 batis
275 670 460 753 inuentum,
491 671 578 754 agite
601 670 684 753 quod
708 669 819 754 cuique
841 669 881 733 de
903 669 999 734 dictis
1021 670 1164 735 tahbus⁵

169 754 204 818 in
231 758 373 819 mentem
401 755 509 819 ueniet
536 753 679 818 uicissim
706 754 893 818 memoriam
919 757 1069 820 nostram
1092 777 1141 820 ex-

120 838 159 902 16
169 840 298 904 citando
313 841 512 903 referamus!
542 838 665 922 placuit
678 839 837 904 uniuersis
853 839 999 904 laetitiae
1015 841 1139 926 excogi-

168 928 238 989 tata
261 925 433 988 sobrietas:
464 928 497 988 et
518 927 555 987 ut
576 923 801 988 Praetextatus
824 924 1010 1009 incipiendo
1032 927 1138 991 aucto

169 1010 299 1074 ritatem
322 1008 360 1073 de
384 1008 528 1093 exemplo
550 1009 720 1092 praeberet
741 1008 862 1073 hortati
885 1013 972 1074 sunt.

117 1141 151 1205 II
253 1144 335 1208 Tum
356 1143 411 1209 ille
434 1143 573 1208 ‘dietum
594 1143 668 1208 uolo
690 1144 791 1208 hostis
814 1143 950 1230 referre,
981 1147 1170 1211 seductio

167 1232 200 1293 et
223 1230 312 1293 euius
338 1229 492 1293 memoria
518 1229 680 1293 instaurat
701 1228 919 1294 Romanorum
947 1230 1136 1315 triumphos.

167 1313 374 1378 Hannibal
397 1312 676 1398 Carthaginiensis
699 1315 784 1398 apud
805 1335 916 1399 regem
938 1315 1136 1380 Antiochum

129 1395 322 1483 2profugus
354 1397 550 1463 facetissime
584 1398 754 1463 cauillatus
787 1402 846 1462 est.
903 1420 941 1463 ea
974 1400 1136 1465 cauillatio

167 1483 298 1548 huiusce
320 1483 406 1547 modi
427 1482 501 1548 fuit.
546 1483 736 1548 ostendebat
759 1482 939 1548 Antiochus
965 1484 1002 1549 in
1025 1506 1136 1570 campo

168 1568 276 1651 copias
298 1567 449 1652 ingentes
467 1590 545 1653 quas
561 1567 681 1632 bellum
695 1567 813 1652 populo
828 1567 976 1633 Romano
991 1568 1169 1634 facturus1⁵

167 1656 410 1737 comparauerat
441 1653 711 1737 conuertebatque
745 1653 920 1717 exereitum
952 1654 1135 1739 insignibus

167 1737 330 1822 argenteis
354 1741 386 1802 et
407 1738 511 1802 aureis
532 1737 710 1802 florentem.
755 1738 928 1802 inducebat
949 1739 1048 1803 etiam
1069 1761 1134 1805 cur·

166 1844 219 1886 ius
244 1844 315 1886 euin
336 1821 474 1887 falcibus
497 1825 530 1886 et
550 1821 738 1906 elephantos
760 1844 833 1886 eum
852 1823 994 1888 turribus
1015 1826 1134 1909 equita·

165 1910 297 1991 tumque
318 1906 420 1972 frenis
444 1909 476 1971 et
498 1907 658 1991 ephippiis
679 1906 851 1972 monilibus
868 1929 905 1972 ae
920 1907 1031 1973 faleris
1046 1930 1135 1993 prae-

166 1991 356 2077 fulgentem.
408 2015 427 2056 a
465 2013 504 2056 ue
531 1992 577 2056 ibi
605 2013 661 2056 rex
689 1996 817 2056 contem
840 1991 961 2056 latione
989 1993 1076 2058 tanti
1103 1997 1171 2058 etio

165 2080 234 2140 tam
256 2070 363 2141 ornati
386 2077 543 2142 exercitus
565 2077 796 2162 gloriabundus
846 2077 1032 2143 annibalem
1052 2079 1134 2163 aspi·

167 2161 259 2226 citet
279 2165 451 2245 putasne
473 2161 579 2247 inquit
601 2161 701 2225 satis
725 2160 1015 2227 esseRomanis
1037 2162 1134 2227 haee

127 2243 322 2310 3omnia‘l
362 2249 441 2312 tunc
463 2246 590 2311 Poenus
613 2245 743 2310 eludens
765 2246 932 2331 ignauiam
954 2247 1133 2312 inbelliam-

165 2353 226 2414 que
248 2331 387 2395 militurn
410 2333 476 2395 eius
498 2331 638 2415 pretiose
660 2334 857 2395 armatorum
884 2330 1004 2416 plane
1030 2332 1135 2418 inquit

165 2415 266 2479 satis
290 2436 375 2478 esse
399 2415 514 2479 oredo
536 2413 725 2479 Romanis
747 2415 845 2480 haee
868 2418 905 2480 et
924 2416 957 2480 si
980 2417 1172 2482 auaris-rs

165 2498 256 2562 simi
279 2502 381 2562 sunt.
419 2499 503 2563 nihil
521 2520 669 2583 prorsum
689 2521 792 2584 neque
814 2504 882 2565 tam
904 2499 1010 2585 lepide
1031 2523 1134 2587 neque

95 2635 97 2639 .
164 2587 232 2681 tam
260 2583 373 2647 acerbe
402 2583 464 2680 dici
491 2587 608 2667 potest.
653 2605 713 2681 'rex
748 2585 786 2682 de
814 2606 952 2683 numero
976 2587 1134 2652 exercitus

164 2691 213 2732 sui
236 2668 551 2818 bitdildiddidindea
567 2673 828 2818 appffllperatione
843 2673 1062 2755 quaesiuerat,
1086 2692 1134 2734 re

123 2837 148 2899 4
164 2774 421 2901 sponFlauianus
443 2777 585 2903 subiecit]
601 2805 813 2903 ‘saoriiioium
828 2839 913 2924 apud
927 2842 1053 2905 ueteres
1069 2839 1134 2904 fuit
1147 2858 1173 2900 ao

163 2921 247 3004 quod
274 2922 450 2987 uocabatm
481 2926 647 3008 propter
677 2925 791 2987 uiam.
837 2925 873 2989 in
902 2945 939 2988 eo
966 2946 1035 2989 mos
1064 2928 1135 2989 erat

230 3143 386 3211 2numilr&
402 3138 436 3195 B'
505 3145 692 3198 3referemul
706 3138 746 3210 P',
771 3146 924 3198 reseremus
939 3163 1008 3199 corr.
1026 3150 1135 3214 primum

160 3214 188 3261 in
206 3212 365 3277 referamus,
384 3216 477 3266 deinde
495 3217 521 3265 i'n
539 3213 706 3265 referremus
719 3217 746 3265 in
764 3215 790 3264 B
859 3213 1018 3282 bpreber&
1035 3232 1082 3268 om¹
1101 3207 1135 3264 P‘

164 3282 195 3328 12
215 3282 428 3345 cartaginienlil
443 3283 469 3332 P
546 3283 578 3331 14
597 3281 767 3332 obtendebat
785 3283 809 3332 P
879 3286 910 3335 15
928 3283 1030 3350 populo
1049 3300 1097 3334 om.
1109 3284 1136 3333 P

163 3349 194 3398 19
213 3350 249 3399 ad
266 3349 405 3416 ephippiis
424 3352 486 3402 add.
506 3349 637 3416 ephippia
659 3348 797 3415 drounltur
840 3351 1032 3416 eneralitl'offia
1051 3365 1136 3416 equo}

160 3413 334 3481 ornalmenta
352 3420 412 3469 add.
430 3419 474 3467 Pm
559 3367 845 3496 231nbelloamq.d'
931 3421 964 3470 27
986 3434 1087 3472 acerne
1105 3427 1134 3470 ut

160 3484 213 3537 aid.
232 3477 265 3534 B'
335 3488 366 3537 31
385 3494 410 3536 ee
430 3488 487 3549 139,
506 3487 523 3536 4
540 3490 634 3550 proter
652 3484 678 3534 B
