2362 3878
121 192 181 255 144
528 207 624 253 maru
646 207 673 252 11

118 361 236 425 nobis
258 363 437 424 nostram
466 381 544 423 non
571 362 707 442 potest
734 357 910 423 reddere.
956 363 1096 443 propter

119 466 200 530 quae
222 445 336 510 merito
359 444 529 509 uidebatur
556 444 673 509 dixisse
695 443 866 528 Pompeius
896 445 1015 527 cupio
1047 445 1094 508 ad

118 531 255 595 hostes
278 529 419 597 Cicero
440 532 627 594 transeat
647 533 691 594 ut
710 550 781 593 nos
803 529 957 592 timeat.

82 616 103 680 9
203 614 242 678 In
259 613 429 680 Caesarem
443 635 568 700 quoque
582 614 777 678 mordacitas
793 612 958 679 Ciceronis
974 615 1093 680 dentes

119 721 192 764 suos
215 700 356 764 strinxit.
402 721 479 764 nam
500 699 640 783 primum
661 703 736 782 post
755 698 925 762 uictoriam
941 697 1119 765 Caesaris⁵

119 785 337 870 interrogatus
361 785 472 848 curin
495 783 651 848 electione
673 784 775 882 partis
798 786 936 847 errasset
958 806 1091 868 respon-

119 870 168 933 dit
188 870 479 954 praecinctura
506 890 562 933 me
588 869 750 952 decep1t
771 868 895 932 iocatus
916 869 953 931 in
975 867 1092 945 Caesa-

119 976 202 1037 rem,
233 954 288 1039 qui
309 955 356 1019 ita
377 958 456 1038 toga
476 953 747 1039 praecingebatur
773 957 810 1017 ut
831 953 990 1017 trahendo
1013 954 1091 1019 laei-

119 1040 208 1103 niam
230 1040 320 1104 uelut
341 1039 446 1103 mollis
469 1038 633 1103 incederet
655 1038 734 1102 adeo
756 1041 793 1101 ut
810 1037 901 1103 Sulla
922 1041 1089 1123 tamquam

120 1124 271 1209 prouidus
287 1124 404 1188 dixerit
418 1122 572 1207 Pompeio
587 1143 682 1188 caue
698 1123 774 1187 tibi
794 1121 910 1186 illum
925 1145 1088 1206 puerum
1100 1142 1122 1181 1⁰

70 1208 220 1274 lOmale
242 1209 533 1293 praecinctum.
579 1208 693 1272 deinde
709 1229 782 1272 cum
797 1206 952 1272 Laberius
974 1209 1088 1274 infine

119 1294 266 1357 ludorum
289 1292 385 1357 anulo
409 1314 505 1357 aureo
520 1293 696 1357 honoratus
719 1290 891 1357 aCaesare
914 1315 931 1356 e
949 1293 1087 1380 uestigio

118 1377 436 1527 ffinquaimdeihii
454 1377 495 1526 aql
509 1378 720 1526 {pectapdum
741 1377 874 1526 trlqnsiit
896 1378 1018 1527 uiolqto
1040 1400 1087 1443 or-

177 1483 234 1526 ee
272 1484 344 1526 cum
387 1484 404 1527 e
437 1484 508 1527 ecc
546 1484 617 1526 ses
655 1484 751 1527 eues
798 1482 973 1527 omanuse
1005 1484 1086 1528 eom·

120 1547 226 1611 minus
249 1547 417 1629 remissus,
449 1548 495 1611 ait
518 1547 629 1614 Cicero
654 1484 875 1632 piaetereunti
896 1547 1034 1612 Laberio
1056 1552 1119 1613 et1⁵

120 1631 218 1696 sedile
250 1633 419 1716 quaerenti
451 1633 696 1716 recepissem
728 1636 766 1696 te
797 1632 880 1696 nisi
916 1637 1085 1718 anguste

120 1717 296 1782 sederem
324 1718 418 1782 simul
442 1722 475 1782 et
495 1718 587 1782 illum
609 1739 762 1801 respuens
786 1717 875 1781 etin
896 1738 1019 1782 nouum
1040 1740 1085 1782 se·

118 1805 232 1865 natum
264 1803 404 1886 iocatus,
441 1802 529 1867 cuius
557 1824 726 1866 numerum
755 1801 872 1868 Caesar
906 1823 1004 1887 supra
1036 1803 1085 1867 fas

120 1890 263 1951 auxerat.
322 1909 383 1952 neo
416 1888 558 1972 impune.
617 1886 784 1970 respondit
816 1887 904 1951 enim
932 1887 1085 1952 Laberius

119 1973 258 2036 mirum
292 1973 326 2037 si
360 1976 532 2057 anguste
561 1971 674 2036 sedes
707 1973 773 2055 qui
802 1971 906 2036 soles
934 1972 1120 2037 driabusn

120 2057 233 2121 sellis
256 2057 393 2123 sedere
417 2059 610 2142 exprobrata
624 2056 756 2121 leuitate
772 2055 935 2122 Ciceronis
951 2078 1016 2142 qua
1037 2058 1085 2121 in-

70 2143 233 2208 llmerito
261 2144 400 2226 optimus
430 2143 510 2207 einis
538 2141 622 2206 male
656 2142 816 2206 audiebat.
866 2141 952 2206 idern
975 2142 1085 2209 Cicero

120 2228 199 2292 alias
221 2227 412 2293 facilitatem
428 2227 573 2293 Caesaris
596 2228 632 2291 in
654 2226 833 2311 adlegendo
848 2230 965 2291 senatu
979 2227 1086 2292 inrisit

119 2313 237 2396 palam.
281 2312 367 2376 Nam
395 2333 466 2375 eum
494 2313 535 2376 ab
557 2311 683 2395 hospite
712 2333 769 2376 suo
795 2310 832 2375 P.
856 2310 969 2376 Mallio
994 2333 1086 2397 roga·

119 2400 208 2460 retur
235 2399 271 2460 ut
299 2396 542 2460 decurionatum
593 2397 722 2481 riuigno
752 2396 818 2461 eius
842 2396 1007 2480 expediret
1033 2398 1085 2461 ad·
1099 2411 1122 2454 2⁶

119 2480 254 2544 sistente
268 2480 451 2564 frequentia
466 2481 547 2544 dixit
563 2418 725 2565 Comae,
749 2481 782 2545 si
805 2482 882 2565 uis',
905 2480 1086 2564 habebit3

70 2562 300 2650 12Pompeis
324 2564 502 2630 difficile
525 2570 595 2631 est¹
639 2588 701 2631 nec
723 2565 907 2631 intrahaeo
922 2567 990 2631 cius
1005 2588 1087 2632 mor·

120 2650 242 2715 dacitas
264 2650 369 2714 stetit:
393 2650 510 2735 quippe
527 2652 567 2717 ab
582 2652 738 2716 Androne
753 2650 890 2736 quodam
905 2651 1087 2716 Laodiceno

119 2735 277 2799 salutatus
316 2756 388 2799 oum
421 2757 550 2801 causam
589 2737 745 2801 aduentus
778 2736 966 2821 requisisset
1004 2757 1087 2801 com·

117 2819 315 2904 perissetque
336 2858 379 2870 -
399 2842 477 2885 nam
499 2822 553 2886 ille
576 2843 609 2886 se
631 2821 776 2906 legatum
797 2821 837 2884 de
858 2819 1010 2885 libertate
1032 2843 1087 2906 pa·
1100 2838 1124 2878 ³⁰

118 2905 200 2969 triae
222 2905 262 2969 ad
278 2904 447 2971 Caesarem
468 2907 595 2971 uenisse
616 2905 782 2991 respondit
803 2943 846 2953 -
866 2906 915 2970 ita
930 2906 1087 2990 expressit

118 2989 282 3072 publicam
309 2991 498 3056 seruitutem
527 2992 589 3056 ἐὰν
612 2991 771 3076 ἐπιτύχῃς
798 2990 855 3054 καὶ
882 2989 962 3074 περὶ
989 2989 1087 3076 ἡμῶν

186 3179 344 3232 telamone
361 3173 395 3231 B'
464 3180 608 3232 llocatuf
621 3183 647 3231 P
713 3179 807 3232 tfrlla
826 3181 857 3245 P,
876 3179 985 3245 fyllaB
1055 3182 1088 3231 10

118 3247 228 3297 dixerat
246 3240 277 3297 P‘
345 3252 376 3300 13
393 3265 423 3299 1n
442 3249 637 3314 quattuordeci
653 3252 680 3301 in
697 3265 751 3300 ras.
768 3251 796 3299 in
812 3250 838 3298 P
904 3249 1086 3316 spectandum

120 3316 352 3382 Cantabripr'euris:
373 3318 575 3384 expectandum
593 3318 645 3368 BP
695 3319 726 3369 14
744 3331 862 3369 cumas*
879 3316 906 3366 P
955 3316 1085 3379 ddsraetef

118 3383 164 3434 tus
178 3375 211 3433 B'
264 3375 405 3450 culmuiP
456 3388 487 3436 16
506 3386 726 3438 teinras.z'nP
775 3388 807 3435 21
827 3386 987 3437 creeroan
1037 3400 1086 3435 rm·

118 3456 216 3502 mento
234 3453 260 3501 P
326 3455 359 3504 22
377 3453 457 3505 erues
471 3454 497 3504 B
549 3454 675 3505 audierat
692 3447 726 3503 P'
793 3455 827 3505 24
844 3453 939 3520 publio
957 3454 984 3503 B
1053 3455 1086 3504 25

106 3521 263 3584 pnmgnuf
273 3529 304 3572 ut
319 3523 371 3574 uid.
389 3515 425 3573 P'
493 3525 525 3575 27
544 3521 687 3590 pompeius
701 3520 727 3572 B
795 3523 829 3573 28
847 3521 966 3587 quadam
983 3514 1018 3571 B'
