2362 3878
439 201 529 265 xvn,
554 193 647 245 6-14
962 185 1023 250 317

99 355 183 439 ipse:
207 354 262 418 sed
283 353 441 418 horrificis
463 354 554 417 iuxta
574 354 669 416 tonat
690 352 798 416 Aetna
820 353 937 435 ruinis,

100 439 324 523 interdumque
347 442 451 502 atram
472 437 654 522 prorumpit
676 437 717 500 ad
739 437 870 502 aethera
891 439 1022 522 nubem,

99 524 228 589 turbine
250 523 431 589 fumantem
475 523 544 587 iceo
566 525 599 586 et
622 521 780 586 candente
801 522 930 605 fauilla,

100 608 288 692 adtollitque
311 608 423 693 globos
445 545 647 671 dammarum
670 609 702 670 et
724 607 828 672 sidere
850 607 975 672 lambit.

33 714 45 753 5
100 693 262 758 interdum
284 693 430 777 scopulos
454 691 627 776 auulsaquc
648 691 772 756 uiscera
793 692 913 757 montis

100 779 197 863 erigit
219 781 386 860 eructans,
409 777 647 862 liquefactaque
669 798 747 841 saxa
769 778 828 842 sub
851 799 945 841 auras

101 885 173 928 cum
196 863 320 947 gemitu
342 863 517 948 glomerat,
540 862 703 945 fundoque
725 865 892 926 exaestuat
912 864 988 926 imo.

56 949 92 1012 in
114 948 274 1032 principio
296 947 454 1012 Pindarus
482 947 613 1012 ueritati
641 947 811 1012 obsecutus
839 947 920 1011 dixit
941 947 1024 1031 quod
1038 948 1074 1011 11

59 1055 110 1096 res
133 1036 203 1096 erat
225 1032 370 1116 quodque
391 1032 459 1096 illic
481 1031 581 1096 oculis
610 1031 859 1115 deprehenditur
885 1032 1026 1096 interdiu

21 1139 46 1177 10
59 1118 183 1181 fumare
198 1118 354 1191 Aetnam,
378 1121 477 1182 noctu
497 1117 708 1202 flammigero.
737 1116 901 1202 Vergilius
918 1121 1027 1181 autem

59 1204 134 1266 dum
165 1202 200 1266 in
229 1204 365 1286 strepitu
400 1202 570 1286 sonituque
602 1202 773 1266 uerborum
809 1202 1026 1286 conquirendo

58 1287 233 1369 laborauit,
262 1290 433 1371 utrumque
459 1290 586 1371 tempus
611 1286 702 1350 nulla
723 1287 915 1352 discretione
937 1287 1026 1351 facta

60 1372 239 1436 confundit.
285 1375 381 1456 atque
403 1372 458 1436 ille
474 1372 615 1437 Graecus
637 1371 766 1456 quidem
787 1372 894 1437 fontes
915 1372 1026 1436 imitus
1039 1373 1077 1436 12

59 1458 146 1542 ignis
175 1459 319 1520 eructare
349 1460 380 1520 et
408 1457 506 1522 fluere
534 1478 644 1521 amnes
666 1457 748 1521 fumi
770 1461 803 1522 et
824 1457 1027 1521 flammarum

21 1561 46 1601 15
58 1543 149 1605 fulua
178 1545 210 1605 et
237 1544 381 1606 tortuosa
407 1542 574 1606 uolumina
600 1543 636 1605 in
663 1542 776 1627 plagas
804 1543 902 1607 maris
929 1542 1025 1623 ferre,

60 1627 150 1710 quasi
177 1626 332 1710 quosdam
358 1627 472 1712 igneos
501 1648 638 1712 angues,
668 1627 829 1691 luculente
857 1627 948 1691 dixit.
994 1630 1028 1691 at

58 1711 112 1775 hie
134 1715 242 1775 uester
269 1714 396 1775 atram
418 1712 560 1776 nubem
586 1711 750 1775 turbine
772 1715 886 1795 piceo
909 1714 946 1776 et
967 1711 1028 1775 fa-

59 1797 159 1859 uilla
185 1796 363 1860 fumante
391 1795 473 1881 ρόον
501 1800 635 1861 καπνοῦ
663 1800 797 1859 αἴθωνα
818 1797 1027 1879 interpretari

60 1881 171 1944 uolens
195 1902 300 1944 crasse
323 1884 355 1945 et
376 1881 536 1945 inmodice
565 1881 742 1964 congessit,
771 1880 909 1964 globos
932 1884 1027 1964 atque

22 1987 47 2026 20
60 1965 324 2047 flammarum,
354 1967 437 2048 quod
464 1965 518 2028 ille
540 1965 710 2048 κρουνούς
737 1964 877 2048 dixerat,
907 1965 1028 2028 duriter

60 2049 168 2197 pospit
184 2051 216 2112 et
238 2046 398 2196 uiprdpug.f
415 2048 476 2113 hoc
491 2049 867 2197 uerqlueltipenqrrabile
882 2051 931 2145 est
945 2050 1029 2197 quoq
1040 2051 1078 2115 13

60 2157 110 2198 uu
145 2155 201 2196 em
230 2155 248 2196 a
276 2155 356 2196 ram
403 2155 533 2197 umare
593 2155 625 2196 x1
683 2155 727 2196 ur
759 2154 824 2197 rne
852 2154 1008 2216 proeoe

59 2219 208 2283 fauilla
237 2218 443 2283 candente.
487 2240 555 2283 non
583 2218 669 2282 enim
695 2217 820 2282 fumare
848 2218 953 2282 solent
973 2238 1028 2281 ne-

61 2326 121 2388 que
145 2307 215 2368 atra
238 2325 410 2387 essequae
433 2305 510 2368 sunt
537 2303 709 2368 candentia
736 2302 800 2367 nisi
826 2303 911 2367 forte
939 2324 1028 2367 can·

23 2411 48 2449 aa
62 2390 172 2453 denti
194 2389 276 2453 dixit
290 2389 481 2473 peruulgate
497 2392 529 2453 et
542 2388 707 2473 inproprie
721 2409 781 2472 pro
794 2388 946 2470 feruenti,
962 2409 1029 2452 non

60 2495 119 2558 pro
146 2475 318 2559 relucenti,
348 2496 426 2539 nam
448 2475 590 2538 candens
617 2473 783 2539 sciliceta
806 2473 942 2538 caudore
965 2472 1028 2536 dic-

61 2563 145 2639 tum,
174 2581 242 2623 non
264 2582 283 2622 a
306 2560 420 2624 calore.
466 2560 550 2644 quod
572 2563 680 2624 autem
707 2558 890 2643 scopulos
919 2579 1028 2622 eruc·
1041 2558 1081 2622 14

62 2643 142 2704 tari
170 2646 207 2705 et
234 2644 338 2728 erigi
366 2645 555 2729 eosdemque
576 2645 664 2728 ipsos
687 2645 799 2709 statim
819 2643 1029 2726 liquefieri

64 2728 96 2789 et
123 2746 278 2809 gemere
306 2733 401 2812 atque
434 2730 651 2815 glomerari
682 2730 752 2794 sub
786 2748 902 2792 auras
935 2727 1027 2811 dixit,

24 2833 50 2871 eo
63 2813 124 2875 hoc
146 2832 207 2875 nec
224 2810 398 2877 aPindaro
420 2815 575 2898 scriptum
598 2836 659 2879 nco
680 2835 832 2897 umquam
853 2812 954 2876 fando
976 2835 1030 2877 au-

64 2897 166 2994 ditum
189 2898 221 2959 et
243 2897 384 3042 onpnium
404 2919 485 2980 quac
511 2901 657 2963 monstra
678 2899 829 2963 dicuntur
850 2900 1030 2962 monstrum

63 3002 224 3045 sissimum
247 3000 306 3043 es.

132 3173 145 3220 1
165 3167 245 3220 &hus
263 3171 289 3220 P
354 3170 595 3232 subsequuturi>
678 3174 711 3224 10
728 3171 847 3224 &hnaP
920 3175 952 3224 13
971 3186 1032 3237 qur-

63 3240 124 3289 dem
146 3255 193 3294 om,
217 3231 249 3288 Ρ
333 3239 429 3288 imitus
447 3240 552 3305 lipsius
573 3242 645 3306 apud
667 3241 771 3292 Gellium
794 3241 895 3300 XVII,
915 3244 961 3305 10,
981 3245 1030 3290 13:

64 3307 188 3356 1m1tatus
202 3308 226 3356 P
312 3309 344 3358 14
363 3311 510 3358 eructuare
528 3309 554 3359 P
637 3309 669 3358 16
691 3308 790 3375 igneos
808 3308 875 3359 fines
888 3310 914 3359 P
998 3310 1030 3358 18

65 3371 159 3426 ΡΟΥΝ
179 3376 205 3425 Ρ
280 3376 475 3426 191mmod1ce
494 3377 520 3426 P
585 3375 684 3441 globos
695 3374 700 3444 Ι
715 3391 796 3443 quoq.
815 3377 907 3427 feraris
927 3374 964 3442 qd
980 3376 1029 3426 rlle

64 3442 90 3492 P
156 3445 189 3494 23
207 3444 254 3492 eni
271 3440 434 3508 msulmare
452 3444 478 3494 P
554 3445 587 3495 25
605 3443 676 3495 drxrt
693 3461 741 3497 om.
759 3445 790 3508 P,
815 3447 875 3496 add.
896 3444 1031 3495 Cantabri·

62 3525 158 3576 prensis
956 3533 959 3539 =
