2362 3878
146 167 212 232 430
546 182 642 228 nram
664 182 715 231 vu

147 335 257 400 dixisti
279 357 299 398 a
320 335 450 399 cerebro
470 334 659 418 ministrari,
676 357 748 399 cum
771 334 900 399 cerebro
921 356 989 399 non
1010 335 1118 400 inesse

146 442 276 485 sensum
298 420 367 503 ipse
387 419 545 484 fatearis?
580 422 729 504 potestne
752 441 903 484 excusare
925 418 1020 483 huius
1043 442 1116 485 con-

145 505 325 569 trarietatis
353 526 465 568 ausum
491 502 545 568 uel
572 505 673 568 uestri
700 505 764 568 oris
791 506 871 569 nota
892 504 1117 569 uolubilitasl'

97 589 138 653 10
229 588 276 652 Et
286 587 434 652 Disarius
449 589 600 653 renidens
622 589 716 653 ‘retia
730 588 845 674 quibus
866 610 919 652 rna
933 589 1117 655 inuolutum

145 677 237 737 tenes
258 674 355 737 nimis
376 695 451 737 rara
472 676 559 757 sunt,
582 674 680 738 nimis
701 673 829 757 patula:
852 695 926 739 ecce
940 695 993 738 me
1006 674 1142 739 Euan-s

96 759 134 823 11
145 758 217 843 gele
239 758 309 821 sine
330 758 405 822 nisu
419 759 494 822 inde
509 761 693 841 exemptum
707 758 842 823 uidebis.
877 780 957 842 opus
979 761 1117 824 uacuae

144 846 195 908 est
215 845 253 907 ut
274 864 403 908 sensum
424 842 477 907 uel
491 842 627 907 nimium
648 843 734 908 sicca
748 842 801 907 uel
814 843 951 907 nimium
965 842 1118 908 humecta

143 949 211 992 non
234 928 376 1012 capiant.
422 949 495 992 ossa
517 926 629 992 dentes
652 949 725 992 cum
745 929 909 1012 unguibus
935 930 968 991 et
991 928 1117 1012 capillis

143 1012 245 1076 nimia
267 1013 412 1076 siccitate
434 1013 481 1075 ita
502 1012 636 1076 denseta
658 1015 734 1076 sunt
755 1015 792 1076 ut
813 1012 1029 1095 penetrabilia
1048 1036 1117 1077 non

144 1097 211 1161 sint
242 1097 368 1162 effectui
400 1097 527 1160 animae
560 1097 615 1181 qui
647 1118 776 1162 sensum
807 1097 987 1161 ministrat:
1016 1098 1117 1182 adeps
1130 1118 1154 1158 ιο

143 1180 283 1245 medulla
311 1186 344 1246 et
371 1182 535 1246 cerebrum
561 1182 609 1247 ita
630 1182 666 1246 in
694 1181 828 1247 humore
855 1185 952 1266 atque
979 1182 1116 1247 mollitie

144 1269 220 1330 sunt
241 1268 278 1330 ut
299 1265 436 1331 eundem
457 1265 605 1330 effectum
628 1266 755 1330 animae
783 1288 878 1351 quem
899 1266 1030 1331 siccitas
1058 1267 1116 1331 illa

95 1351 134 1414 12
143 1371 211 1414 non
247 1351 363 1434 recipit
394 1349 545 1414 mollities
578 1351 643 1416 ista
678 1373 746 1416 non
781 1354 910 1416 teneat.
949 1351 1020 1416 ideo
1045 1354 1116 1416 tam

144 1432 294 1498 dentibus
327 1434 491 1519 unguibus
526 1436 651 1501 ossibus
684 1439 718 1500 et
750 1435 875 1520 capillis
903 1458 999 1520 quam
1027 1436 1115 1520 adipi

142 1518 290 1582 medullis
318 1522 351 1582 et
383 1520 512 1585 cerebro
540 1542 653 1585 sensus
680 1520 785 1584 inesse
817 1542 884 1586 non
921 1520 1037 1604 potuit.
1083 1523 1116 1584 et
1129 1540 1153 1581 ιε

144 1602 227 1667 sicut
254 1603 354 1668 sectio
383 1604 572 1688 capillorum
598 1604 683 1669 nihil
705 1605 822 1670 doloris
849 1605 987 1689 ingerit,
1016 1606 1064 1669 ita
1087 1606 1115 1669 si

143 1689 268 1752 secetur
288 1688 341 1752 uel
363 1688 441 1753 dens
462 1689 516 1754 uel
537 1711 573 1755 os
595 1711 652 1755 seu
671 1689 769 1773 adeps
792 1711 848 1754 seu
871 1690 1036 1754 cerebrum
1058 1711 1115 1754 seu

93 1777 133 1842 13
141 1772 295 1857 medulla,
319 1774 423 1838 aberit
444 1774 548 1838 omnis
570 1796 682 1839 sensus
705 1774 833 1840 doloris.
878 1773 934 1838 sed
955 1775 1112 1858 uidemus,

140 1857 283 1942 inquies,
307 1860 478 1923 tormentis
501 1858 595 1924 adfici
617 1859 731 1944 quibus
754 1862 905 1924 secantur
927 1881 1019 1942 ossa,
1048 1861 1113 1923 tor-

142 1942 232 2026 queri
253 1942 400 2008 homines
423 1946 456 2008 et
478 1943 586 2009 dolore
608 1944 763 2008 dentium.
814 1945 875 2008 hoc
902 1965 1015 2008 uerum
1043 1965 1151 2008 esseae

141 2027 212 2112 quis
241 2027 406 2114 abneget?
448 2030 504 2093 sed
530 2031 568 2092 ut
595 2051 631 2093 os
659 2033 800 2112 secetur,
833 2031 997 2092 omentum
1029 2030 1114 2112 quod

16 2144 19 2149 ’
140 2113 403 2263 tumltu?
425 2114 1113 2263 blattisStaltitttdt

140 2247 209 2345 iani
229 2221 301 2348 curii
321 2220 463 2348 medulld
483 2305 580 2368 quam
608 2284 754 2348 continet
780 2282 880 2347 habet
899 2247 1113 2346 indolentiam

140 2367 292 2432 sectionis
314 2368 451 2433 similem
474 2367 673 2451 capillorum.
706 2370 740 2431 et
762 2389 834 2431 eum
855 2367 1001 2431 dentium
1023 2367 1113 2430 dolor
1125 2388 1151 2428 as

140 2454 200 2534 est,
223 2474 290 2516 non
312 2474 347 2516 os
370 2453 476 2516 dentis
498 2453 534 2516 in
556 2474 653 2517 sensu
675 2455 734 2534 est,
758 2452 814 2516 sed
837 2473 910 2516 caro
932 2472 1014 2535 quae
1037 2472 1112 2516 con-

90 2543 131 2605 14
139 2535 224 2599 tinet
245 2537 385 2600 dentem.
424 2559 500 2600 nam
523 2539 556 2600 et
569 2536 687 2620 unguis
709 2539 849 2621 quantus
873 2539 964 2600 extra
980 2557 1112 2600 caruem

141 2620 312 2683 crescendo
339 2620 448 2704 pergit
476 2621 546 2684 sine
568 2641 665 2684 sensu
692 2624 834 2704 secatur,
864 2622 918 2705 qui
942 2620 1032 2685 carni
1058 2620 1111 2684 ad-

139 2700 251 2766 haeret
286 2703 352 2768 ium
379 2704 461 2769 facit
487 2704 515 2769 si
546 2707 673 2769 secetur
706 2704 846 2770 dolorem
873 2727 940 2769 non
970 2727 1026 2769 suo
1054 2705 1111 2768 sed

138 2785 223 2850 sedis
256 2799 332 2852 sun
366 2810 403 2854 oo
443 2810 508 2854 ore.
564 2789 648 2854 sicut
681 2790 814 2873 capillus
854 2790 929 2853 dum
966 2790 1150 2873 superiores

140 2874 268 2935 secatur
288 2873 393 2937 nescit
435 2873 572 2971 olorem,
596 2874 624 2938 si
646 2874 815 2958 auellatur,
839 2896 968 2938 sensum
991 2875 1112 2971 accipit

139 2958 818 3128 tdtttttsstttrettudit
837 2959 1109 3126 uallium

139 3145 196 3188 suo
219 3147 314 3190 sensu
337 3129 392 3192 sed
413 3129 550 3192 uestitus
578 3127 627 3192 sui
654 3128 688 3191 id
716 3131 765 3192 est
791 3128 914 3192 omenti
941 3127 1028 3192 hunc
1050 3128 1108 3191 im-

89 3215 129 3284 15
138 3211 248 3294 portat
269 3211 420 3277 dolorem.
465 3235 500 3277 er
523 3234 543 3276 o
565 3211 702 3276 diximus
724 3233 805 3296 quae
826 3213 862 3276 in
883 3211 1014 3276 homine
1037 3212 1107 3276 sine
1120 3235 1147 3276 as

139 3317 234 3361 sensu
256 3296 323 3360 sint
345 3301 379 3362 et
400 3318 481 3383 quae
500 3235 570 3362 lroc
592 3319 688 3362 causa
714 3296 813 3361 faciat
838 3297 1018 3361 indicatum
1047 3300 1105 3361 est.

207 3490 239 3538 14
258 3490 310 3554 qua
327 3504 374 3543 om.
394 3479 426 3538 P'
493 3491 527 3538 24
544 3487 650 3538 habent
668 3487 698 3544 P,
