2362 3878
150 185 214 250 426
556 198 652 246 1111111
667 199 719 245 vn

113 354 135 418 2
235 352 281 418 nt
302 351 448 417 Disarius
472 351 559 415 ‘inde
580 350 642 415 hoc
664 371 767 434 genus
791 350 853 414 cibi
876 350 1007 414 difficile
1031 350 1119 434 dige-

149 438 232 502 ritur
267 437 352 501 unde
388 439 482 521 putas
520 436 549 500 ei
585 435 798 520 digestionem
835 438 910 499 ante
946 436 1117 519 prouisam.

149 522 265 587 leuitas
294 522 381 585 enim
409 543 506 606 quam
526 520 644 584 tritura
665 522 808 603 praestat
832 519 913 584 facit
934 523 971 583 ut
992 520 1120 584 innatet

150 608 213 671 ndo
235 607 306 671 cibo
327 628 421 690 quem
435 604 586 671 inmedic
600 605 723 669 uentris
738 604 901 669 inuenerit
922 626 983 668 nec
1005 605 1119 669 adhae-

149 694 219 756 reat
241 692 307 757 cuti
329 690 452 756 uentris
478 691 517 755 de
545 689 633 755 cuius
661 689 766 754 calore
788 689 926 774 digestio
953 708 1145 774 promam-5

114 776 212 841 3tur.
264 777 311 841 sic
341 778 375 841 et
400 797 475 840 mox
505 774 619 838 tntum
650 777 746 858 atque
777 773 951 838 formatum
982 796 1054 838 cum
1083 777 1120 839 in

150 883 265 944 aquam
289 861 431 944 coicitur,
447 862 551 924 natat.
587 880 626 922 ex
640 880 704 943 quo
719 858 921 943 intellegitur
936 859 1019 942 quod
1034 860 1120 923 idem

148 945 271 1009 faciens
298 945 334 1010 in
360 945 484 1010 uentris
516 943 649 1007 humore
677 943 826 1007 subducit
861 966 895 1007 se
929 945 1118 1028 digestionis

148 1030 335 1094 necessitati
363 1033 397 1094 et
418 1034 487 1094 tam
508 1050 579 1093 sero
600 1028 668 1092 illic
698 1029 845 1112 coquitur
871 1050 968 1113 quam
997 1029 1118 1093 tardius

149 1115 364 1179 conficiuntur
385 1135 466 1199 quae
487 1134 606 1198 uapore
629 1134 729 1197 aquae
744 1134 841 1196 quam
855 1134 937 1197 quae
949 1114 1036 1198 -igne
1058 1114 1158 1177 sol-10

148 1201 278 1263 uuntur.
330 1199 445 1263 deinde
473 1199 549 1262 dum
576 1197 753 1261 instantius
780 1197 911 1282 teritur,
941 1198 1060 1262 multus
1089 1199 1118 1261 ei

148 1283 245 1347 flatus
266 1283 458 1366 inuoluitur,
488 1284 543 1367 qui
569 1283 658 1366 prius
683 1282 720 1346 in
741 1285 854 1346 uentre
885 1283 1118 1347 consumendus

149 1370 213 1449 est,
244 1370 281 1430 ut
307 1371 377 1431 tum
404 1368 532 1431 demum
562 1366 749 1430 conficiatur
776 1367 861 1450 quod
892 1367 1047 1431 remansit
1080 1367 1118 1431 de

150 1472 246 1515 carne
267 1452 333 1514 iam
353 1451 513 1516 liberum?

111 1536 134 1597 4
234 1534 318 1599 ‘Hoc
345 1557 469 1621 quoque
502 1535 584 1600 scire
616 1540 707 1600 auec’
741 1534 855 1599 Ebrius
888 1536 994 1620 inquit
1025 1546 1118 1620 ‘quae
1133 1551 1157 1590 15

147 1618 249 1684 faciat
283 1641 379 1684 causa
412 1642 480 1685 non
511 1620 617 1684 nullos
652 1641 764 1684 carnes
792 1621 961 1684 ualidiores
990 1620 1118 1685 facilius

148 1704 294 1789 digerere
316 1727 413 1788 quam
434 1705 570 1769 tenues?
601 1727 679 1769 nam
695 1726 768 1777 cum
790 1705 854 1768 cito
877 1709 1017 1787 coquant
1039 1706 1118 1768 offas

148 1788 298 1873 bubulas,
321 1791 358 1853 in
380 1790 502 1874 asperis
524 1790 665 1873 piscibus
689 1789 923 1874 concoquendis
944 1788 1116 1853 laborant?

112 1871 196 1937 5‘in
216 1873 280 1939 bis'
302 1873 449 1939 Disarius
472 1875 520 1939 ait
547 1874 653 1939 ‘huius
681 1874 729 1938 rei
751 1877 863 1939 auctor
886 1876 935 1938 est
961 1875 1061 1938 nimia
1082 1875 1119 1940 in

147 1958 277 2023 homine
299 1959 348 2023 uis
371 1960 501 2024 caloris:
524 1980 605 2044 quae
625 1959 654 2024 si
674 1959 824 2023 idoneam
838 1959 1006 2023 materiem
1021 1960 1118 2023 susci·
1132 1974 1156 2013 20

147 2044 206 2127 pit,
229 2043 329 2108 libere
351 2045 525 2129 suscipitur
545 2045 645 2109 libere
668 2045 875 2128 congreditur
902 2048 936 2108 et
962 2045 1026 2108 cito
1049 2067 1119 2108 eam

147 2130 183 2191 in
207 2130 445 2194 concert-atione
468 2129 638 2212 consumit,
661 2128 766 2193 leuem
787 2130 881 2193 modo
904 2130 1061 2212 praeterit
1082 2132 1119 2192 ut

146 2212 320 2297 latentem,
343 2215 437 2279 modo
458 2214 493 2277 in
522 2214 664 2278 cinerem
690 2213 916 2297 potiusquam
943 2214 978 2277 in
1007 2236 1119 2278 sucum

147 2298 247 2362 uertit
268 2301 305 2362 ut
318 2299 467 2382 ingentia
480 2298 596 2362 robora
609 2297 648 2394 in
661 2297 836 2394 carbonum
850 2296 962 2394 frusta·
974 2298 1117 2360 lucentia

112 2380 567 2530 strnuetttffaldtl
587 2381 1117 2529 {stttlttoetltdbtt
1131 2397 1156 2435 ²⁰

148 2550 327 2633 exemplum
355 2571 422 2614 non
449 2549 613 2613 dissonum
641 2548 726 2632 quod
752 2548 916 2631 potentior
943 2547 1029 2612 mola
1052 2572 1117 2612 am-

147 2633 250 2716 pliora
264 2655 368 2718 grana
384 2632 572 2718 confringit,
596 2633 727 2716 integra
748 2632 805 2696 illa
826 2655 908 2717 quae
923 2636 1000 2697 sunt
1013 2635 1116 2698 minu-

146 2717 230 2780 tiora
263 2717 469 2781 transmittit:
507 2721 606 2782 uento
638 2717 739 2781 nimio
772 2718 860 2782 abies
894 2722 949 2782 aut
981 2740 1116 2802 quercus

147 2800 314 2884 apellitur,
339 2823 477 2866 cannam
498 2802 589 2867 nulla
610 2801 708 2867 facilc
729 2802 856 2888 frangit
877 2803 1044 2888 procella?
1129 2818 1155 2857 3⁰

112 2884 130 2947 7
233 2883 375 2970 Cumque
407 2885 521 2952 Furium
555 2887 734 2952 delectatus
767 2890 949 2953 enarrantis
982 2889 1115 2973 ingenio

146 2968 240 3052 plura
261 2970 359 3034 uellet
380 2971 503 3037 interro
527 2994 600 3056 are,
625 2971 764 3038 Caecina
786 2995 820 3037 se
835 2973 976 3038 Albinus
998 2974 1117 3037 obiecit

147 3052 240 3117 ‘mihi
275 3076 400 3141 quoqne
439 2994 632 3122 desiderium
676 3059 739 3122 est·
769 3057 910 3123 habendi
953 3057 1116 3142 paulisper

146 3139 270 3223 negotii
293 3161 365 3205 cum
385 3144 455 3206 tam
474 3142 614 3208 facunda
636 3141 757 3206 Disarii
779 3141 936 3208 doctrina.
974 3140 1035 3224 dic,
1059 3162 1115 3204 oro

213 3365 231 3412 4
248 3363 301 3412 udo
319 3379 366 3418 om.
384 3366 410 3414 P
476 3367 492 3415 ὅ
511 3363 605 3415 calore
623 3356 654 3415 P‘
723 3367 738 3414 6
757 3365 871 3416 firmatis
889 3365 914 3414 P
999 3363 1031 3412 10
1050 3377 1116 3411 con·

147 3430 241 3480 ficitur
259 3431 284 3479 P
356 3435 387 3483 13
406 3433 440 3484 de
459 3448 543 3483 carne
562 3449 609 3484 om.
628 3433 653 3481 P
725 3435 758 3483 20
776 3432 895 3484 hominis
908 3433 934 3482 P
1000 3431 1034 3479 24
1053 3446 1117 3481 car-

144 3499 217 3548 bone
233 3497 334 3550 frustra
352 3501 379 3549 P
445 3502 477 3552 28
496 3515 585 3567 grana
603 3499 755 3566 confringit
771 3503 799 3551 tn
815 3517 868 3551 rar.
886 3503 913 3550 in
931 3500 956 3548 P
