2362 3878
345 198 398 263 rr,
423 191 532 244 15-26
881 187 923 252 27

67 352 180 413 mater
197 349 327 432 Papirii
349 351 456 434 pueri,
481 353 535 436 qui
559 374 631 416 cum
652 358 786 437 parente
807 378 863 421 suo
886 358 921 420 in
930 357 974 420 20

57 435 178 515 fuerat,
204 437 419 517 permutatur
439 437 541 500 filium
569 437 723 520 quidnam
743 439 779 503 in
805 445 921 506 senatu

48 522 89 582 ent
103 521 227 602 patres.
267 540 348 603 puer
364 522 530 604 respondit
544 523 718 586 tacendum
734 544 801 587 esse
816 547 919 610 neque

48 604 64 666 ri
85 604 195 667 licere.
244 603 360 668 mulier
387 605 425 668 fit
453 606 604 671 audiendi
628 607 789 690 cupidior:
818 630 920 674 secre-

48 689 90 751 rei
118 691 152 751 et
175 688 343 752 silentium
370 691 461 773 pueri
491 692 634 755 animum
661 693 728 755 eius
756 692 796 755 ad
817 692 921 776 inqui·
990 758 995 765 ,

48 795 81 835 m
102 773 290 837 euerberat:
313 774 437 857 quaerit
458 775 559 860 igitur
575 777 785 859 compressius
800 777 921 842 uiolen-

48 879 81 920 ιθ.
129 860 200 920 tum
221 878 303 941 puer
317 863 452 942 urgente
467 864 571 925 matre
585 861 684 943 lepidi
699 865 795 945 atque
810 861 971 927 festiui2l

48 942 107 1005 acii
140 942 312 1006 consilium
346 945 442 1027 capit.
494 948 603 1008 actum
631 946 666 1008 in
695 950 810 1011 senatu
838 947 921 1011 dixit

48 1027 243 1090 [uideretur
265 1027 374 1092 utilius
396 1029 564 1114 magisque
588 1053 604 1093 e
630 1051 664 1093 re
686 1031 816 1113 publiea
838 1054 917 1116 esse,

48 1133 72 1174 re
93 1114 132 1174 ut
154 1112 235 1175 duas
257 1134 371 1177 uxores
393 1114 528 1178 haberet
551 1136 594 1178 an
609 1118 646 1178 ut
660 1136 726 1178 una
742 1116 827 1198 apud
842 1117 919 1180 duos

48 1240 51 1258 .
78 1199 173 1260 esset.
225 1195 288 1260 hoc
315 1198 370 1261 illa
399 1200 453 1263 ubi
484 1199 623 1280 audiuit,
655 1199 763 1263 animo
793 1200 971 1284 compa-22

48 1304 65 1363 ι,
89 1280 183 1344 domo
206 1281 372 1364 trepidans
400 1284 565 1367 egreditur
587 1284 627 1347 ad
650 1287 773 1348 ceteras
800 1289 918 1349 matro-

48 1366 141 1429 rdfert
174 1366 391 1451 postridieque
425 1369 466 1431 ad
495 1371 643 1433 senatum
678 1369 824 1451 copiosae
852 1392 918 1433 ma-

48 1450 175 1514 'amilias
200 1453 348 1514 cateruae
372 1452 548 1517 confluunt.
589 1452 798 1517 lacrimantes
822 1456 917 1538 atque

48 1539 152 1599 rantes
181 1538 279 1599 orant
300 1558 363 1600 una
386 1537 492 1619 potius
512 1541 550 1600 ut
570 1538 692 1601 duobus
707 1541 810 1621 nupta
825 1538 918 1602 fieret

70 1623 107 1684 ut
134 1622 191 1685 uni
220 1620 311 1684 duae.
356 1624 520 1685 senatores
549 1622 769 1706 ingredientes
797 1625 918 1687 curiam
927 1625 970 1688 23

58 1704 114 1768 illa
141 1705 312 1768 mulierum
339 1706 546 1789 intemperies
573 1707 703 1791 etquid
725 1707 787 1771 sibi
809 1712 918 1790 postu-

54 1789 178 1854 isthaec
214 1789 314 1853 uellet
345 1791 547 1856 mirabantur
576 1794 608 1855 et
635 1794 672 1855 ut
699 1813 765 1855 non
797 1814 917 1874 paruae

48 1875 197 1958 rodigium
225 1874 317 1937 illam
345 1877 518 1939 uerecundi
544 1897 637 1939 sexus
659 1876 847 1959 inpudicam
868 1878 917 1942 in-

48 1980 71 2020 n
85 1959 316 2042 pauescebant.
357 1981 437 2042 puer
451 1959 600 2043 Papirius
615 1961 780 2044 publicum
794 1965 917 2025 metum
926 1962 969 2025 24

50 2093 56 2106 .
93 2066 171 2106 nam
193 2044 230 2106 in
251 2043 389 2107 medium
412 2045 519 2109 curiae
534 2065 739 2128 progressus,
763 2045 839 2127 quid
854 2046 917 2127 ipsi

48 2128 182 2191 *audire
206 2128 394 2212 institisset,
419 2129 496 2212 quid
518 2129 615 2193 matri
636 2129 706 2211 ipse
722 2127 914 2210 simulasset,

60 2213 169 2276 fuerat
191 2216 333 2276 enarrat.
372 2217 504 2278 senatus
525 2213 621 2276 fidem
637 2216 732 2296 atque
748 2212 917 2296 ingenium
926 2216 968 2279 25

70 2297 276 2362 exosculatur
309 2299 552 2382 consultumque
586 2296 668 2362 facit
701 2296 749 2360 uti
781 2296 917 2380 posthac

63 2381 374 2549 {notitam
397 2384 518 2552 tlt
528 2384 768 2552 ..erutuet
789 2386 918 2551 titt?

48 2574 88 2614 rm
109 2551 243 2615 honoris
261 2553 368 2636 gratia
383 2553 511 2616 decreto
525 2554 666 2617 inditum
678 2551 916 2615 Praetexta·

49 2637 70 2700 b
93 2636 225 2700 tacendi
247 2636 460 2721 loquendique
482 2637 517 2700 in
539 2638 707 2719 praetexta
723 2637 827 2699 aetate
842 2657 917 2719 pru-

48 2743 99 2783 rm.
145 2721 207 2783 hoc
232 2726 481 2805 cognomentum
502 2725 615 2804 postea
629 2719 772 2785 familiae
787 2723 916 2785 nostrae
926 2722 968 2786 26

48 2826 121 2868 men
144 2804 260 2868 haesit.
306 2827 371 2868 non
393 2806 487 2869 aliter
513 2807 588 2870 dicti
612 2804 824 2887 Scipiones
852 2805 916 2869 nisi

48 2889 262 2955 Uornelius
285 2889 340 2973 qui
361 2892 585 2974 cognominem
600 2894 726 2974 patrem
741 2889 917 2953 luminibus

48 2978 110 3038 tem
132 2995 192 3058 pro
215 2973 328 3037 baculo
351 2975 485 3060 regebat
507 2974 644 3059 Scipio
671 2973 916 3059 cognominatus

48 3083 61 3122 1
86 3081 125 3123 ex
150 3059 343 3143 cognomine
371 3061 507 3142 posteris
530 3060 627 3125 dedit.
676 3060 722 3124 sic
743 3058 917 3122 Messala

48 3217 149 3225 ——-=

48 3297 165 3365 quaerar*
184 3298 209 3346 B
278 3300 309 3348 10
329 3305 375 3349 aut
394 3299 463 3349 duas
477 3292 510 3348 B'
585 3302 617 3350 13
637 3300 748 3350 affertt
809 3296 917 3362 posttri-

61 3368 88 3417 B
161 3367 271 3431 coprosa
289 3369 315 3416 P
392 3370 424 3417 14
443 3373 558 3417 caterua
576 3369 602 3416 P
675 3370 706 3417 15
725 3364 923 3416 consecrantes

48 3433 280 3487 181stahae013
349 3435 609 3500 191mpudroamP
676 3438 709 3487 21
727 3432 818 3501 iplat
885 3433 918 3480 Ἦ

48 3496 116 3561 lF,
135 3502 151 3552 l
169 3502 224 3549 oris
238 3504 297 3554 add.
316 3504 331 3551 b
400 3507 431 3555 31
454 3521 622 3574 cognomine
641 3525 661 3576 p
