2362 3878
123 180 188 245 602
533 193 630 240 meru
653 194 680 240 11

124 351 252 433 perstas
275 347 405 411 ductum
427 350 459 410 et
481 345 557 410 solis
580 368 706 410 cursum
728 366 786 429 per
804 345 894 429 ipses
910 346 998 431 fieri,
1023 349 1102 434 quod

124 454 186 497 neo
214 431 339 515 opinari
360 431 411 495 fas
433 434 496 515 est,
527 431 601 515 quie
628 433 779 494 neutrum
800 431 968 528 tropicum
993 455 1101 499 eureus

125 516 201 602 solis
224 517 360 581 excedit.
403 538 481 580 num
509 515 611 600 igitur
631 514 711 579 illud
739 515 887 580 adtendit
910 518 1003 600 quod
1025 518 1101 583 dixi·

124 624 195 665 mus
223 604 256 665 et
282 601 370 665 intra
396 601 556 684 tropicum
582 600 617 664 in
646 622 683 664 ea
711 602 860 683 perustae
887 605 989 685 parte
1023 624 1101 688 quae

86 686 232 750 3uieina
254 689 303 750 est
323 688 521 769 temperatae
543 684 740 749 habitatores
762 682 855 748 esse?
899 686 1023 753 namS
1045 704 1119 753 ene⁵

125 772 184 834 sub
211 770 281 853 ipso
308 771 431 854 tropico
460 773 524 852 est,
559 769 667 833 Meroe
696 771 803 832 autem
829 767 936 835 tribus
1011 772 1101 837 'ibus

124 855 320 952 octingentis
348 854 459 919 stadiis
487 855 523 918 in
551 857 715 938 perustam
741 875 761 916 a
789 852 894 936 Syene
922 854 1101 921 introrsum

124 941 261 1022 reeed1t‚
287 943 319 1004 et
341 940 382 1002 ab
404 939 460 1003 illa
481 960 580 1023 usque
603 939 643 1002 ed
665 941 785 1001 terram
801 936 1005 1005 cinnamomi
1019 942 1101 1006 fere

125 1046 194 1089 cem
216 1027 293 1089 sunt
313 1023 417 1088 stedia
439 1024 641 1107 octingenta,
666 1025 699 1086 et
719 1043 777 1106 per
798 1021 880 1086 haee
902 1026 1018 1090 omnia
1032 1048 1101 1112 spe

124 1109 171 1173 tie
197 1113 346 1193 perustae
378 1108 455 1173 lioet
488 1109 552 1173 reri
584 1111 695 1172 tamen
728 1107 797 1171 uite
824 1107 983 1174 fruuntur
1013 1110 1128 1177 habi-1⁰

124 1197 231 1258 tentes
239 1244 247 1277 ,
264 1193 349 1257 ultre
362 1215 438 1258 uero
452 1193 517 1257 iam
537 1193 736 1257 ineeeessum
752 1194 801 1256 est
813 1195 950 1276 propter
964 1195 1101 1261 nimium

86 1277 200 1342 4solis
224 1279 378 1342 ardorem.
424 1299 496 1342 eum
525 1299 602 1362 ergo
629 1280 757 1341 tantum
784 1277 882 1360 spatii
905 1299 946 1342 ex
969 1284 1101 1363 perusta

125 1363 227 1425 uitam
248 1362 411 1425 ministret
438 1364 470 1426 et
497 1362 566 1426 sine
594 1362 691 1426 dubio
720 1361 804 1425 eiree
833 1360 996 1429 uiciniam
1024 1366 1100 1431 alte·

125 1446 191 1509 rius
213 1448 411 1529 temperatae
433 1445 466 1508 id
488 1448 537 1508 est
558 1449 763 1511 entoeeorum
778 1447 987 1514 tantumdem
1002 1450 1100 1534 spatii

125 1528 243 1592 habere
264 1533 413 1613 perustae
440 1530 520 1593 fines
542 1530 613 1614 pari
639 1530 885 1595 mansuetudine
906 1554 980 1598 non
1004 1556 1101 1620 nege
1111 1550 1128 1590 1⁵

124 1617 241 1678 tur-
263 1615 354 1697 peria
381 1615 525 1679 enimin
547 1618 680 1699 utreque
708 1618 800 1699 perte
825 1618 902 1680 eunt
923 1619 1041 1684 omnia
1065 1658 1100 1668 —

124 1698 196 1763 ideo
219 1699 412 1763 credendum
435 1702 483 1763 est
504 1721 562 1783 per
584 1700 743 1783 poetieam
764 1700 891 1772 tubam,
921 1723 1009 1785 quae
1038 1726 1100 1770 om·

124 1783 181 1847 nia
203 1805 329 1868 semper
351 1785 386 1848 in
407 1785 510 1848 maius
533 1783 672 1867 extollit,
697 1783 813 1847 dixisse
835 1785 923 1849 uiam
939 1787 1023 1853 solis
1039 1810 1099 1854 see·

124 1872 192 1931 tam
214 1891 272 1952 per
292 1872 502 1953 temperatas,
527 1869 677 1953 quoniam
700 1890 738 1933 ex
758 1872 894 1954 utreque
908 1876 1007 1954 parte
1022 1874 1100 1938 fines

125 1955 274 2035 perustae
296 1954 332 2018 in
354 1975 390 2018 eo
413 1957 489 2018 sunt
511 1954 630 2018 similes
653 1952 855 2036 temperetis,
880 1957 969 2038 quod
991 1980 1028 2023 se
1051 1973 1126 2044 pot⁰

83 2036 108 2112 ῥἱ)
123 2036 250 2102 tiuntur
284 2038 448 2103 habitari?
492 2061 534 2102 an
566 2037 650 2102 forte
678 2038 805 2122 poetica
833 2037 972 2105 lieentia
1001 2044 1101 2127 perti·

127 2121 230 2185 oulem
252 2144 310 2205 pro
333 2123 431 2187 simili
453 2144 556 2206 paene
578 2122 737 2206 particula
758 2120 867 2206 posuit
888 2126 922 2187 et
945 2147 1008 2209 pro
1033 2129 1101 2193 sub

126 2206 258 2271 ambas
287 2208 391 2272 dicere
418 2207 532 2272 maluit
559 2228 628 2291 per
657 2206 814 2271 ambas?
857 2229 936 2272 nem
965 2233 1102 2278 renem

126 2291 239 2355 duetus
262 2293 384 2357 zodiaci
406 2293 465 2357 sub
488 2293 598 2357 ambas
620 2295 686 2356 tem
710 2293 815 2356 eratus
843 2292 930 2357 ultro
956 2296 1103 2383 citroque

148 2377 288 2460 eruenit,
318 2399 384 2441 non
411 2380 521 2441 tamen
548 2398 607 2461 per
634 2314 759 2460 omiss,
789 2375 906 2441 seimus
935 2383 1052 2447 autern
1073 2384 1127 2447 et!

159 2482 300 2525 omerum
321 2462 426 2544 ipsum
449 2463 482 2523 et
503 2461 538 2523 in
559 2461 707 2526 omnibus
728 2461 923 2525 imitatorem
947 2464 1022 2531 eius
1036 2466 1103 2531 Me-

86 2544 235 2609 6ronem
269 2566 365 2628 saepe
398 2543 479 2607 tales
512 2546 652 2609 mutasse
682 2544 867 2630 particulas.
919 2569 981 2633 arr,
1020 2550 1104 2636 quod

124 2629 205 2692 mihi
226 2649 303 2692 uero
347 2626 455 2710 ropius
477 2627 619 2713 uidetur,
648 2652 718 2713 per
746 2630 878 2694 ambas
900 2653 962 2715 pro
992 2634 1104 2702 inter

126 2711 259 2776 ambas
287 2649 389 2774 uoluit
416 2711 588 2797 intellegi?
632 2714 779 2779 zodiacus
808 2715 894 2778 enim
921 2716 1015 2783 inter
1040 2743 1105 2787 em·

125 2798 183 2861 bes
204 2798 398 2878 temperatas
413 2796 563 2881 uoluitur,
587 2819 654 2862 non
668 2820 726 2883 per
741 2799 868 2881 ambos,
891 2799 1131 2872 familiariter*

126 2882 237 2944 eutem
258 2902 327 2963 per
347 2903 405 2965 pro
426 2882 534 2946 inter
548 2903 667 2966 ponere
683 2884 764 2948 solet
779 2884 863 2948 sieut
878 2883 958 2950 alibi
974 2908 1105 2976 quoque

169 2964 289 3028 circum
310 2987 430 3050 perque
452 2967 531 3030 duas
553 2967 589 3030 in
610 2989 731 3032 morem
752 2968 894 3032 fluminis
917 2970 1057 3040 Arctos.

88 3049 227 3132 'lneque
256 3050 341 3113 enim
363 3052 491 3136 Anguis
513 3051 654 3116 sidereus
682 3055 799 3118 Arctos
815 3054 919 3137 secat,
944 3056 1002 3121 sed
1028 3060 1107 3126 dum

195 3218 291 3271 llolrs
306 3221 399 3272 cursus
415 3224 437 3273 P
487 3227 502 3275 3
521 3223 641 3274 attendit
659 3224 684 3273 B
752 3227 768 3277 8
788 3239 964 3289 cynnamomr
983 3229 1019 3292 P,
1042 3247 1108 3299 eyn·

127 3303 228 3338 amomi
246 3289 272 3337 B
357 3291 539 3343 9ltadrorum
558 3296 701 3356 octoginta
718 3293 744 3342 B
814 3295 845 3343 13
862 3296 955 3344 ummd
974 3297 1000 3345 P
1076 3302 1108 3351 14

126 3358 315 3421 anteocoltB
400 3357 629 3425 tdzouldruerB
698 3362 732 3412 28
752 3359 858 3425 ppreus
871 3360 898 3409 P
966 3364 1001 3414 29
1024 3367 1109 3420 intel-

125 3422 175 3488 lrgr
193 3423 352 3492 zoaldrecus
366 3426 392 3477 B
448 3430 479 3479 31
500 3431 563 3478 aute
579 3442 598 3492 ‚p
616 3431 642 3477 tn
658 3443 713 3478 ras.
725 3431 752 3479 in
764 3431 789 3478 P
855 3429 887 3479 32
908 3429 1005 3498 Georp.
1021 3434 1108 3487 12⁴5

118 3495 156 3546 33
173 3493 215 3548 set
232 3495 260 3547 B
