2362 3878
159 178 222 242 202
568 193 665 241 muru
680 194 721 240 111

161 348 290 412 crotalis
320 347 494 411 saltantem
521 346 622 410 filium
650 347 798 430 petitoris
824 347 929 411 idest
952 348 1126 431 candidati,

160 454 254 516 quem
281 453 323 495 ne
344 434 414 495 tum
436 431 565 515 quidem
586 453 659 515 spes
682 435 714 496 et
736 432 819 497 ratio
842 433 1040 517 adipiscendi
1062 456 1128 497 ma·

160 518 331 602 gistratuS‚
361 537 423 600 quo
449 519 593 598 ternpore
620 539 654 580 se
681 538 816 601 suosque
839 518 880 581 ab
902 519 988 581 omni
1011 519 1128 600 probro

160 601 271 665 debuit
292 601 472 683 uindicare,
499 602 641 685 potuerit
664 623 808 666 coercere
830 623 893 686 quo
915 603 1021 666 minus
1043 603 1127 666 face-

159 690 209 750 ret
231 686 314 770 quod
336 685 461 750 scilicet
483 688 575 768 turpe
597 707 664 750 non
685 685 875 751 habebatur.
1141 707 1153 743 5

245 770 394 835 Caberam
422 770 566 853 superius
599 773 783 855 pleramque
812 771 1017 836 nobilitatem
1048 773 1128 836 haec

123 854 314 940 9propudia
344 854 504 919 celebrare
527 859 719 939 conquestus
742 859 801 920 est.
847 857 893 920 sic
915 857 1066 921 nimirum
1081 857 1126 920 M.

161 939 256 1005 CATO
280 943 462 1004 senatorem
483 961 550 1004 non
572 940 749 1025 ignobilem
768 940 911 1006 Caelium
933 942 1127 1024 spatiato-

159 1046 239 1088 rem
270 1028 303 1088 et
332 1024 625 1089 Fescenninum
660 1027 756 1089 uocat
777 1030 925 1109 ‘eumque
962 1027 1128 1089 staticulos

160 1110 236 1173 dare
272 1109 323 1173 his
359 1109 466 1173 uerbis
498 1111 545 1174 ait
580 1109 790 1174 descendit
822 1111 866 1173 de
903 1111 1167 1193 cantheri0‚10

78 1196 81 1203 '
159 1194 254 1258 inde
291 1194 510 1259 staticulos
545 1196 653 1277 dare,
688 1194 928 1258 ridicularia
960 1195 1128 1258 fundere

161 1282 193 1343 et
215 1279 293 1342 alibi
315 1279 350 1342 in
378 1279 515 1342 eundem
571 1282 757 1344 raeterea
786 1282 924 1343 cantat
953 1279 1020 1343 ubi
1050 1280 1128 1343 col-

159 1363 298 1446 libuit,
322 1364 521 1427 interdum
537 1302 709 1429 draccos
732 1386 872 1427 uersus
895 1365 995 1448 agit,
1019 1365 1128 1427 iocos

112 1448 276 1531 lOdieit,
311 1469 428 1512 uoces
456 1449 651 1532 demutat,
686 1448 904 1513 staticulos
927 1449 1004 1512 dat.
1049 1449 1129 1512 haec

161 1532 257 1616 (lato,
282 1533 347 1614 cui,
370 1537 408 1597 ut
427 1533 560 1617 uidetis,
585 1535 683 1598 ctiam
704 1537 835 1598 cantare
851 1556 917 1598 non
933 1534 1008 1596 serii
1029 1535 1128 1596 homi·
1144 1556 1168 1594 15

160 1618 211 1682 nis
233 1618 374 1701 uidetur,
404 1618 488 1703 quod
510 1619 596 1703 apud
618 1619 697 1682 alios
720 1618 798 1682 adeo
820 1640 887 1682 non
914 1619 1000 1681 inter
1020 1619 1129 1701 turpia

160 1705 364 1767 numeratum
386 1705 435 1767 est
456 1706 494 1767 ut
514 1702 551 1768 L.
576 1702 680 1786 Sulla,
708 1703 759 1766 uir
786 1703 872 1767 tanti
893 1703 1051 1785 nominis7
1076 1725 1129 1786 op-

112 1788 238 1850 lltime
255 1790 401 1852 cantasse
423 1788 557 1852 dicatur.
596 1791 737 1852 ceterum
758 1786 931 1852 histriones
954 1809 1019 1851 non
1043 1790 1129 1851 inter

160 1875 270 1954 turpes
292 1872 420 1937 habitos
444 1872 583 1937 Cicero
605 1872 790 1937 testimonio
813 1876 876 1954 est,
906 1893 1000 1956 quem
1022 1871 1129 1934 nullus

159 1956 291 2040 ignorat
312 1956 457 2021 Roscio
481 1960 514 2021 et
534 1959 691 2042 Aesopo
713 1957 925 2021 histrionibus
947 1960 1015 2020 tam
1036 1956 1128 2019 fami·
1143 1976 1168 2014 ao

158 2040 283 2105 liariter
304 2064 398 2105 usum
418 2045 527 2107 utres
549 2042 754 2126 rationesque
776 2064 885 2118 eorum
908 2063 965 2105 sua
988 2040 1130 2105 sollertia

160 2128 318 2210 tueretur,
357 2127 441 2211 quod
475 2149 547 2192 cum
575 2128 647 2191 aliis
676 2127 786 2191 multis
818 2131 889 2191 tum
917 2148 956 2190 ex
984 2126 1129 2209 epistulis

112 2210 152 2274 12
161 2232 285 2294 quoque
313 2211 380 2275 eius
407 2212 598 2276 declaratur.
642 2233 720 2276 nam
746 2211 837 2274 illam
859 2211 1037 2274 orationem
1059 2211 1129 2292 quis

161 2299 211 2359 est
238 2295 293 2378 qui
319 2317 387 2360 non
415 2295 531 2380 legerit
551 2296 588 2360 in
610 2318 674 2380 qua
694 2295 849 2379 populum
870 2294 1053 2357 Romanum
1075 2295 1129 2354 ob-

160 2380 269 2462 iurgat
291 2379 374 2463 quod
396 2379 513 2444 Roscio
536 2383 662 2464 gestum
684 2381 803 2463 agente
824 2375 1053 2440 tumultuarit?
1097 2380 1129 2439 et
1143 2395 1168 2435 25

163 2465 249 2526 certe
264 2463 343 2527 satis
359 2467 488 2528 constat
504 2465 696 2528 contendere
712 2484 785 2526 eum
801 2482 872 2525 cum
886 2462 957 2543 ipso
972 2458 1129 2524 histrione

161 2546 291 2610 solitum
312 2550 420 2611 utrum
441 2548 496 2612 ille
519 2548 647 2630 saepius
670 2547 804 2610 eandem
820 2544 1015 2609 sententiam
1030 2545 1129 2609 uariis

161 2631 305 2715 gestibus
339 2632 482 2696 efficeret
514 2655 557 2696 an
590 2632 659 2715 ipse
687 2652 745 2716 per
772 2629 971 2714 eloquentiae
1005 2630 1129 2714 copiam

20 2466 83 2491 Γ

231 2857 262 2904 10
280 2854 380 2920 fragm.
399 2872 425 2920 p.
445 2856 478 2906 58
495 2855 596 2906 Iordan

229 3059 244 3108 3
262 3057 392 3123 proch
460 3059 654 3110 lindioaret
723 3058 903 3122 dpleruq.P
971 3041 1128 3118 thecna!

163 3129 250 3174 torem
269 3125 295 3174 Β
363 3128 380 3178 8
398 3126 523 3177 Caelium
540 3129 670 3178 Meursr'us
688 3142 723 3178 erc
743 3127 822 3178 Gellio
841 3126 857 3175 I
876 3127 919 3188 15,
932 3128 962 3174 9.-
982 3124 1131 3175 caecrlrum

133 3225 214 3277 ,ΒΡ
280 3228 483 3279 9feseenmum
501 3228 527 3279 Β
596 3232 700 3279 uocant
717 3226 743 3277 B
812 3226 1032 3277 meantem?
1099 3227 1130 3274 11

164 3293 305 3345 sattrculos
319 3296 345 3345 B
401 3296 520 3347 rrdrcula
538 3298 563 3346 P
631 3299 662 3348 13
680 3295 776 3346 uersus
791 3298 831 3344 art
848 3293 874 3343 B
945 3296 976 3344 16
996 3293 1064 3343 adeo
1083 3309 1131 3343 om.

162 3364 187 3412 P
255 3366 286 3414 17
304 3363 396 3415 lucras
409 3364 461 3414 ΒΡ
515 3364 578 3414 srlla
596 3365 627 3425 P,
648 3363 717 3428 sylla
736 3363 760 3412 B
817 3364 912 3411 *tantr
929 3361 956 3409 P
1022 3362 1054 3410 22
1074 3376 1131 3424 epr-

163 3429 239 3480 stolrl
258 3431 309 3480 BP
391 3432 425 3484 25
448 3432 535 3483 resero
552 3439 580 3483 ut
597 3434 649 3486 nid.
667 3423 702 3481 B'
770 3429 983 3479 tumultuauerrt
1005 3429 1030 3477 P
1098 3431 1132 3479 27

152 3499 361 3550 *aestuatus
373 3502 399 3550 P
