2362 3878
139 185 203 251 418
556 198 653 246 LIBRI
675 199 688 245 1

142 376 215 419 cum
237 357 345 417 autem
368 375 387 416 a
408 373 485 416 uero
506 351 691 416 hebetatae
706 351 834 436 repellit
849 355 1007 437 optutum,
1033 355 1114 420 ebur

140 441 274 524 putatur
295 438 383 502 cuius
400 458 514 520 corpus
536 436 582 500 ita
596 437 765 500 densatum
781 441 830 502 est
847 442 884 502 ut
901 439 941 502 ad
963 442 1113 523 quamuis

141 525 379 588 extremitatem
406 522 575 586 tenuitatis
597 543 722 586 erasum
744 522 834 587 nullo
862 524 933 587 uisu
961 524 1002 587 ad
1030 525 1113 591 ulte-

140 609 226 673 riora
247 608 402 672 tendente
424 609 572 691 penetret
612 656 620 671 .

86 777 154 845 ΠΠ
225 777 388 842 Tractatis
410 776 581 862 generibus
604 778 637 840 et
658 776 759 841 modis
783 777 822 840 ad
848 798 927 861 quos
949 779 1136 844 somniums

139 862 299 947 Scipionis
321 862 474 945 refertur,
498 883 587 927 nunc
605 861 711 947 ipsam
726 861 867 926 eiusdem
882 862 999 926 somnii
1021 886 1110 929 men-

138 951 220 1012 tem·
240 948 408 1031 ipsumque
444 947 658 1031 propositum,
696 967 791 1030 quem
824 946 939 1011 Graeci
976 949 1111 1014 σκοπόν

137 1035 272 1116 uocant,
308 1036 481 1117 antequam
517 1032 616 1096 uerba
647 1031 878 1116 inspiciantur,
913 1035 1110 1115 temptemus

137 1118 263 1202 aperire
284 1120 317 1182 et
338 1139 375 1182 eo
395 1116 558 1202 pertinere
579 1118 778 1202 propositum
799 1117 979 1201 praesentis
1002 1119 1109 1202 operis

138 1224 328 1287 asseramus,
345 1204 429 1268 sicut
450 1203 516 1266 iam
530 1202 565 1266 in
580 1201 740 1287 principio
761 1202 857 1266 huius
874 1202 1030 1266 sermonis
1054 1204 1109 1267 ad·
1121 1222 1145 1261 rc

136 1288 321 1372 struximus,
344 1291 382 1352 ut
404 1288 528 1352 animas
556 1287 638 1351 bene
660 1287 699 1351 de
720 1287 899 1371 republica
920 1287 1109 1353 meritorum

136 1376 210 1455 post
233 1393 367 1455 corpora
390 1373 478 1436 caelo
500 1372 590 1436 reddi
611 1375 644 1436 et
664 1371 732 1436 illic
753 1371 819 1435 frui
850 1372 1013 1436 beatitatis
1036 1395 1108 1456 per-

98 1457 293 1541 2petuitate
321 1478 381 1521 nos
409 1457 532 1521 doceat.
575 1478 652 1520 nam
680 1455 863 1542 Scipionem
889 1457 997 1541 ipsum
1026 1457 1108 1522 haec

136 1541 269 1606 occasio¹
291 1542 332 1606 ad
364 1541 562 1606 narrandum
592 1542 751 1606 somnium
783 1542 988 1626 prouocauit,
1022 1542 1107 1626 quod

135 1625 234 1711 longo
265 1630 410 1710 tempore
437 1648 471 1692 se
505 1629 640 1691 testatus
674 1630 724 1691 est
756 1627 885 1691 silentio
913 1627 1142 1692 condidisses

136 1733 209 1776 cum
232 1712 318 1776 enim
337 1711 465 1777 Laelius
487 1714 671 1797 quereretur
692 1710 798 1776 nullas
819 1710 958 1776 Nasicae
981 1714 1107 1777 statuas

135 1795 170 1861 in
192 1797 322 1881 publico
344 1799 378 1863 in
407 1798 572 1863 interfecti
594 1796 724 1880 tyranni
746 1797 1037 1861 remunerationem
1058 1797 1106 1861 lo-

136 1886 235 1966 catas,
259 1883 425 1968 respondit
447 1883 554 1967 Scipio
576 1885 650 1966 post
671 1881 736 1945 alia
757 1881 793 1945 in
814 1881 894 1946 haec
915 1882 1015 1947 uerba
1037 1882 1105 1945 sed

135 1989 370 2053 quamquam
407 1967 662 2053 sapientibus
705 1967 960 2031 conscientia
1001 1967 1106 2050 ipsa

134 2053 333 2119 factorum
367 2054 622 2139 egregiorum
655 2051 941 2135 amplissimum
974 2051 1141 2114 uirtu-ao

133 2139 188 2203 tis
211 2142 271 2203 est
292 2139 527 2223 praemium,
556 2141 689 2202 tamen
710 2136 787 2200 illa
810 2137 952 2201 diuina
973 2136 1104 2199 uirtus

134 2245 213 2289 non
228 2226 387 2288 statuas
408 2223 567 2308 plumbo
588 2223 848 2287 inhaerentes
869 2242 942 2286 nec
963 2221 1105 2285 trium-

134 2308 231 2394 phos
271 2308 552 2373 arescentibus
595 2307 746 2372 laureis
783 2308 849 2372 sed
886 2305 1103 2371 stabiliora

133 2393 325 2479 quaedam
356 2397 396 2458 et
428 2393 624 2457 uiridiora
656 2393 924 2490 praemiorum
953 2411 1104 2475 genera

133 2479 348 2543 desiderat.
386 2499 484 2563 quae
506 2481 640 2542 tamen
662 2479 741 2541 ista
764 2476 881 2541 sunt?
901 2475 1008 2559 inquit
1022 2473 1102 2539 Lae·
1116 2492 1141 2531 25

97 2563 205 2632 3lius.
248 2565 318 2626 tum
346 2561 454 2646 Scipio
481 2561 670 2646 patimini
696 2583 754 2624 me
782 2561 887 2646 inquit
915 2559 1103 2645 quoniam

133 2648 300 2713 tertium
323 2647 424 2710 diem
446 2647 523 2710 iam
544 2645 687 2711 feriati
710 2668 840 2710 sumus
864 2648 896 2709 et
913 2648 1019 2708 cetera
1035 2645 1103 2729 qui-

132 2733 191 2797 bus
221 2731 261 2795 ad
289 2731 510 2796 narrationem
536 2730 653 2796 somnii
680 2731 772 2795 uenit
799 2731 917 2795 docens
947 2729 1004 2792 illa
1033 2750 1103 2794 esse

132 2817 299 2883 stabiliora
321 2819 354 2880 et
374 2816 528 2883 uiridiora
550 2816 765 2901 praemiorum
786 2836 906 2901 genera
928 2835 1010 2898 quae
1032 2815 1103 2898 ipse

131 2901 266 2966 uidisset
293 2903 329 2966 in
358 2902 446 2967 caelo
479 2903 573 2967 bonis
599 2923 707 2965 rerum
739 2901 941 2985 publicarum
973 2902 1129 2964 semaiae

95 2987 308 3054 4rectoribus
332 2987 415 3052 sicut
436 2986 487 3053 his
508 2985 615 3051 uerbis
637 2986 704 3050 eius
725 2985 905 3050 ostenditur
933 2984 1001 3048 sed
1029 3006 1102 3069 quo

130 3112 336 3119 ———-

9 2384 115 2423 μμ.

201 3179 214 3226 1
235 3192 268 3227 cc
287 3177 402 3244 repellit
418 3183 526 3242 praeter
542 3174 589 3225 llit
609 3177 636 3226 i'n
653 3191 705 3230 ras.
724 3178 751 3227 in
769 3176 794 3225 P
877 3177 893 3224 4
912 3179 956 3224 tur
974 3176 1000 3225 in
1018 3190 1103 3240 pene-

131 3248 220 3296 tretur
237 3247 264 3295 ia
281 3262 335 3297 rus.
353 3248 380 3296 in
398 3245 424 3296 B
511 3247 598 3308 bquo
621 3243 724 3294 scnium
742 3245 768 3294 P
851 3242 1053 3308 'spropositum
1071 3246 1102 3293 ut

131 3315 183 3378 que
202 3313 264 3378 (qus
281 3313 400 3379 deletum)
419 3315 498 3384 qgc'i
516 3308 607 3377 (supra
620 3314 680 3363 add.
692 3312 706 3361 1
717 3311 779 3378 qus)
792 3312 818 3363 B
888 3313 921 3362 10
940 3300 1064 3360 adseraiir
1074 3310 1102 3360 B

132 3384 163 3432 12
182 3382 379 3448 perpetuitatis
392 3380 426 3431 B'
512 3381 544 3431 15
562 3378 669 3431 sileatio
686 3370 720 3431 B'
795 3382 827 3431 1c
846 3378 951 3430 statues
965 3369 999 3426 B'
1069 3379 1101 3428 17

130 3447 367 3515 renulmeratro‘em
384 3449 410 3498 B
478 3450 619 3514 261nquit
637 3465 683 3503 om.
701 3447 728 3498 B
780 3446 824 3513 qdi
839 3444 869 3498 ia
886 3448 921 3511 (b.
935 3460 1100 3512 e.quoniam

122 3519 196 3580 iani)
210 3518 242 3568 B
260 3517 365 3582 (deinde
382 3533 440 3570 ram
457 3532 504 3571 om.
524 3517 560 3582 B)
