2362 3878
100 276 158 322 1111
490 276 690 325 PRAEEA'PIO

187 411 301 496 Itaque
328 412 364 477 in
392 411 530 498 ligatura
563 411 682 476 codicis
710 379 925 479 Parisini
957 417 1077 502 legitur

103 511 139 576 P
163 515 261 593 6371,
296 513 331 577 in
357 514 502 598 margine
530 512 641 577 dextro
671 513 742 577 folii
770 514 867 598 primi
888 517 968 581 recti
999 519 1075 585 Cori.

101 613 359 681 Oolberte’a1926
373 614 494 697 Raptae
508 616 600 679 5058.
619 615 658 694 2,
681 615 716 679 in
738 615 880 681 eiusdem
901 618 971 682 folii
993 623 1075 686 recti

99 717 247 801 margine
279 716 430 779 inferiore
459 715 499 780 P.
529 715 648 780 Pisaea
680 716 749 799 (sed
777 717 862 782 linea
890 722 1076 786 transuersa

102 816 272 902 deletum),
295 816 364 881 Iao.
387 815 472 899 Any.
497 817 643 899 Tlruanp,
673 817 707 879 in
729 818 842 881 ultimo
870 819 949 883 folio
978 844 1073 888 uerso

101 918 141 982 P.
167 916 294 982 Peroe.
340 919 477 1001 scriptus
506 920 556 981 est
581 918 617 981 in
644 918 749 982 forma
776 919 929 1002 quadrata
950 924 1073 988 maiore

99 1019 227 1082 saeculo
249 1017 418 1082 undecimo
441 1019 556 1083 litteris
579 1020 718 1103 primum
741 1020 870 1103 quidem
890 1023 967 1086 satis
982 1047 1072 1111 mag-

96 1120 165 1203 nis,
196 1120 231 1183 in
252 1120 316 1183 fine
337 1120 439 1184 multo
466 1120 643 1185 minoribus
671 1120 727 1184 sed
750 1121 862 1185 eodem
884 1127 968 1188 certe
990 1130 1070 1191 tem-

97 1243 191 1305 pore:
216 1243 293 1284 nam
315 1220 450 1285 eundem
470 1220 636 1285 hominem
656 1223 761 1285 totum
783 1222 901 1287 librum
923 1246 1070 1292 exarasse

96 1322 152 1385 uix
174 1321 408 1386 affirmauerim.
454 1321 576 1385 scholia
597 1322 752 1405 quaedam
775 1327 1011 1390 commentariis
1035 1330 1071 1393 in
1105 1326 1107 1333 ’

97 1423 259 1487 somnium
288 1421 447 1507 Scipionis
468 1459 512 1471 —-
534 1424 678 1488 continet
705 1425 791 1489 enim
818 1425 878 1490 hos
901 1429 933 1490 et
954 1428 1072 1494 demde
1105 1422 1107 1435 '

96 1523 280 1589 Saturnalia
298 1524 426 1608 integra
439 1562 482 1571 -
496 1523 604 1588 addita
617 1526 738 1609 pariter
752 1527 846 1592 omisi
868 1531 962 1611 atque
985 1533 1070 1615 capi-

96 1627 239 1690 tulorum
266 1625 388 1689 indices
412 1625 514 1710 (uelut
536 1627 572 1691 de
594 1630 764 1712 1111111111)
788 1632 820 1693 11
841 1630 918 1693 alias
940 1633 1068 1696 notulas

95 1749 213 1812 paucas
235 1726 337 1812 (uelut
350 1727 523 1813 hypbatoa)
544 1729 683 1813 margini
704 1730 837 1794 additas.
877 1732 1068 1814 scripturam

94 1828 281 1913 primariam
304 1828 414 1893 eadem
435 1850 549 1892 manus
572 1833 749 1893 atramento
771 1830 880 1912 paullo
903 1835 1068 1916 uegetiore

95 1930 248 2014 correxit,
272 1951 352 2014 quae
378 1932 542 2013 praeterea
563 1930 723 1995 rarissime
745 1953 858 1994 manus
879 1934 1067 1997 recentioris

96 2034 270 2097 occurrunt
292 2030 548 2115 emendationes,
572 2032 679 2096 littera
700 2032 742 2097 P²
763 2033 951 2118 significari.
988 2034 1068 2098 folia

95 2137 172 2198 sunt
204 2133 371 2219 octoginta
405 2135 555 2218 quattuor
582 2134 650 2198 siue
677 2135 903 2219 quaterniones
931 2139 1066 2219 septem,

92 2236 199 2300 ternio
226 2257 324 2318 unus,
353 2235 462 2318 quinio
491 2256 590 2319 unus,
619 2236 708 2299 senio
736 2257 818 2299 unus
847 2236 934 2298 ouius
956 2239 1066 2299 tamen

93 2358 194 2400 unum
215 2335 329 2399 folium
352 2334 449 2398 deest.
494 2337 657 2416 praeterea
677 2339 753 2416 post
774 2334 861 2397 tertii
883 2336 1065 2417 quaternio-

92 2438 146 2501 nis
167 2436 307 2519 primum
328 2434 442 2525 folium
465 2433 610 2498 chartula
630 2434 784 2497 minutior
805 2434 999 2519 inglutinata
1017 2442 1066 2501 est

33 2608 37 2616 ,
92 2539 236 2622 picturas
251 2536 432 2600 continens.
455 2534 510 2618 qui
520 2534 611 2598 lanio
627 2534 769 2600 codicem
780 2535 912 2600 Parisiis
929 2520 1067 2603 contulit-

91 2661 154 2703 nec
168 2639 298 2722 plenam
313 2636 461 2700 lectionis
483 2636 671 2700 uarietatem
691 2638 859 2721 exscripsit
874 2642 906 2703 et
920 2640 1064 2704 innume-

92 2741 137 2803 ris
153 2739 232 2803 locis
247 2739 342 2821 plane
357 2738 487 2823 falsam3
510 2759 571 2823 ego
592 2738 648 2802 ubi
663 2737 755 2802 aliter
770 2742 864 2823 atque
877 2740 987 2804 lanius
1002 2745 1064 2804 ret-

90 2841 169 2925 tuli,
190 2862 242 2905 me
264 2841 298 2903 et
320 2839 429 2904 codice
450 2842 483 2904 et
496 2839 586 2903 lanio
608 2841 761 2924 inspectis
780 2842 847 2905 siue
862 2842 980 2906 referre
995 2843 1063 2906 siue

91 2945 197 3007 tacere
220 2940 384 3005 sciendum
406 2944 469 3006 est:
491 2941 574 3005 nihil
596 2942 681 3006 enim
703 2944 889 3027 cuiusquam
905 2943 1064 3007 interesse

90 3043 204 3128 putaui
223 3045 260 3105 ut
282 3042 356 3106 data
378 3064 475 3126 opera
495 3044 546 3107 tot
567 3044 647 3107 locis
669 3044 753 3128 apud
775 3045 866 3109 illum
887 3065 955 3108 non
976 3047 1064 3108 recta

91 3145 159 3230 legi
180 3146 324 3208 testarer.
367 3144 479 3208 notaui
501 3145 610 3209 omnia
631 3149 664 3210 11
686 3168 725 3210 ex
746 3146 891 3211 Parisino
916 3147 948 3209 et
968 3145 1063 3209 Bam-

90 3245 301 3332 bergensibus
317 3249 443 3329 praeter
457 3248 607 3332 1119111111
620 3250 778 3312 seniorecto
791 3249 964 3330 impaciens
980 3250 1064 3313 ateio

89 3349 196 3415 rethor
219 3348 375 3413 rethorica
395 3349 512 3415 sitlabo
532 3349 724 3415 ammaricus
745 3350 912 3415 choruscus
933 3371 972 3414 ae
994 3352 1026 3412 et
1048 3370 1065 3413 c

90 3451 249 3514 elementa
270 3452 406 3533 mutata,
429 3452 616 3535 plerumque
639 3450 733 3515 omisi
754 3454 770 3515 t
791 3454 823 3515 et
845 3472 862 3514 e
883 3452 1065 3533 permutata

62 3551 230 3621 sequente
249 3550 272 3613 r'.
316 3551 354 3616 in
378 3553 493 3619 codice
516 3553 615 3620 modo
639 3557 790 3638 aaaron
810 3551 909 3616 moto
931 3557 1067 3631 quotuor
