2362 3878
123 183 189 249 456
495 196 592 245 maur
613 197 665 244 vn

124 352 196 417 ideo
218 351 340 416 dictum
362 353 411 415 est
437 351 513 434 quia
532 350 643 499 pulmo
665 371 700 414 re
722 371 799 415 uera
821 351 941 436 gaudet
961 349 1098 418 humore

125 436 181 502 sed
202 435 304 502 trahit
325 439 482 522 quantum
503 435 531 500 si
554 435 730 499 iaestimat
743 436 971 502 necessarium.
1004 437 1096 503 uides

125 521 226 587 satius
247 521 347 586 fuisse
369 519 631 605 philosophorum
653 520 795 584 omnium
815 521 957 605 principi
979 521 1095 587 alienis

126 607 289 672 abstinere
310 628 407 692 quam
427 605 535 671 minus
556 608 636 670 nota
657 604 825 689 proferre!

74 692 116 757 14
210 690 263 755 Ad
284 690 365 756 haec
379 690 570 755 Eustathius
584 689 681 774 paulo
697 690 882 754 commotior
895 695 972 755 ‘uon
987 691 1124 756 minuas

124 780 169 841 te'
197 775 305 862 inquit
332 776 451 840 ‘Disari
500 774 677 859 hilosophis
699 795 795 859 quam
816 775 948 840 medicis
975 776 1096 842 insere-

124 861 200 925 bam
227 860 283 926 sed
310 860 404 926 modo
431 861 465 925 ui
488 861 550 925 eris
578 860 658 924 mihi
685 880 753 923 rem
776 880 933 924 consensu
965 861 1095 945 generis

124 945 259 1010 humani
281 945 487 1012 decantatam
508 947 541 1010 et
557 945 712 1009 creditam
733 943 886 1008 obliuioni
901 945 977 1009 dare
992 945 1097 1030 philo-

125 1030 273 1116 sophiam
294 1034 398 1096 artem
425 1052 493 1095 esse
516 1030 633 1095 artium
664 1031 697 1093 ct
724 1029 928 1113 disciplinam
955 1029 1096 1114 discipli-

124 1137 241 1181 narum
263 1119 297 1181 st
316 1137 405 1181 nuno
426 1116 462 1180 in
483 1115 587 1200 ipsam
612 1114 777 1178 inuehitur
803 1113 987 1197 parricidali
1015 1136 1138 1180 ausum

125 1200 286 1266 medicina
308 1223 381 1265 cum
402 1200 606 1285 philosophia
619 1199 686 1263 illic
701 1220 735 1264 sa
756 1198 914 1264 habeatur
930 1200 1097 1284 augustior

125 1286 182 1350 ubi
203 1284 242 1350 de
263 1285 414 1351 rationali
435 1287 528 1370 parte
549 1283 583 1349 id
604 1287 653 1349 est
674 1283 713 1348 de
733 1283 929 1368 incorporeis
950 1282 1097 1368 disputat

126 1373 159 1434 et
175 1369 243 1433 illic
264 1370 439 1435 inclinetur
460 1368 516 1433 ubi
537 1369 576 1434 de
590 1369 723 1453 physica
745 1369 829 1453 quod
851 1371 900 1433 est
921 1368 960 1432 de
974 1369 1097 1434 diuinis

76 1454 118 1520 15
128 1454 313 1538 corporibus
335 1454 388 1519 uel
410 1453 490 1518 caeli
512 1454 564 1518 uel
591 1454 730 1518 siderum
757 1455 888 1518 tractat.
934 1453 1097 1518 medicina

127 1541 235 1603 autem
262 1538 415 1624 physicae
441 1538 544 1623 partis
573 1542 716 1604 extrema
748 1538 822 1602 faex
849 1541 898 1603 est
933 1539 983 1603 oui
1012 1539 1097 1602 ratio
1111 1559 1138 1600 15

127 1626 176 1688 est
209 1644 281 1688 cum
316 1624 427 1688 testeis
459 1623 660 1708 terrenisque
694 1623 899 1707 corporibus,
931 1622 986 1687 sed
1019 1623 1097 1708 quid

126 1708 287 1772 rationem
323 1709 490 1774 nominaui
526 1730 598 1774 cum
634 1708 739 1793 magis
781 1709 866 1791 apud
901 1708 1006 1792 ipsam
1047 1729 1096 1772 re·

126 1796 207 1879 gnet
229 1793 413 1859 coniectura
434 1815 530 1878 quam
553 1792 660 1858 ratio?
681 1830 724 1842 -
745 1813 827 1877 quae
848 1813 926 1878 ergo
939 1792 1033 1857 coicit
1054 1792 1095 1856 de

128 1899 224 1943 carne
257 1878 433 1962 lutulenta,
462 1878 559 1944 audet
591 1877 771 1963 inequitare
803 1877 1026 1962 philosophiae
1055 1878 1095 1941 de

126 1963 323 2048 incorporeis
351 1968 384 2028 et
410 1985 485 2028 uere
512 1963 631 2027 diuinis
659 1965 747 2028 certa
773 1962 898 2027 ratione
925 1962 1093 2027 tractanti.
1109 1980 1138 2021 ao

9 2088 100 2126 ...,,ὓ
127 2048 183 2112 sed
210 2070 252 2113 ne
279 2048 426 2113 uideatur
453 2048 630 2115 communis
657 2049 722 2112 ista
750 2045 894 2111 defensio
920 2048 1097 2111 tractatum

126 2133 229 2198 uitare
272 2133 448 2217 pulmonis,
492 2133 602 2198 accio
646 2153 757 2197 causas
807 2153 886 2217 quas
927 2130 1098 2196 Platonica

76 2216 118 2282 16
126 2218 278 2283 maiestas
311 2220 422 2283 secuta
455 2221 512 2282 est.
557 2155 771 2301 trepidatis,
801 2237 897 2302 quam
924 2237 1095 2300 memoras,

126 2301 297 2367 inuentum
323 2305 459 2368 naturae
493 2306 542 2368 est
574 2302 615 2366 ad
648 2301 805 2388 tegendas
838 2301 1096 2387 detegendasque

128 2391 216 2452 certa
247 2387 462 2452 alternatione
495 2388 565 2452 uias
603 2387 727 2451 cibatus
761 2390 794 2450 ct
820 2388 915 2471 potus
942 2388 979 2450 ut
1004 2385 1138 2450 illum2⁵

127 2471 292 2537 stomacho
312 2471 528 2555 transmittat,
548 2469 636 2536 huno
657 2471 766 2556 pulmo
789 2471 952 2556 suscipiat.
1001 2491 1096 2556 prop-

126 2558 216 2620 terea
237 2558 288 2620 tot
308 2554 466 2620 meatibus
488 2555 660 2622 distinctus
683 2559 732 2620 est
754 2559 787 2621 et
807 2557 984 2640 interpatet
1006 2554 1096 2619 rimis

126 2661 194 2705 non
221 2643 257 2703 ut
285 2639 416 2723 spiritus
451 2640 649 2726 egressiones
682 2641 815 2725 habeat,
848 2641 900 2706 cui
934 2639 1097 2705 exhalatio

127 2724 254 2789 occulta
281 2723 443 2822 sufficeret
463 2725 526 2823 'scd
552 2728 589 2790 ut
615 2746 673 2824 per
700 2747 754 2790 eos
781 2725 887 2823 siquid
913 2725 1039 2823 citatus
1061 2726 1097 2788 in

78 2808 975 2981 atdttht.‘tthtlathfadat&
989 2808 1097 2977 idat
1110 2829 1138 2868 ³⁰

127 2981 223 3062 potus
254 3001 321 3044 non
354 2979 539 3065 deuoratur,
572 2980 629 3045 sed
665 2980 757 3064 quasi
791 2979 867 3044 fisso
898 2981 1008 3044 meatu
1040 3000 1098 3042 suo

195 3237 364 3290 ocdmotror
381 3237 407 3288 P
492 3235 670 3299 romanor
754 3238 785 3287 11
805 3235 946 3303 angustior
963 3227 996 3286 P'
1066 3237 1099 3286 13

127 3303 234 3370 phisica
251 3305 278 3356 P
344 3307 376 3357 15
394 3303 481 3371 phrhc
515 3304 541 3354 P
591 3305 623 3354 16
641 3303 714 3371 quod
730 3297 764 3355 P‘
816 3306 847 3357 18
867 3307 971 3356 conicit
989 3304 1014 3353 P
1064 3305 1121 3353 20.

127 3372 200 3424 druis
213 3375 239 3423 P
321 3374 354 3424 21
373 3321 498 3425 comumi
511 3372 537 3422 P
604 3372 637 3423 23
656 3371 769 3437 sequuta
787 3373 813 3422 P
877 3374 911 3423 24
929 3369 1104 3436 detegendas

127 3440 322 3507 detegendasq.
332 3441 359 3492 P
424 3442 459 3494 28
477 3438 598 3493 exalatro
616 3440 641 3489 P
690 3442 723 3492 29
736 3438 847 3492 occulta
860 3442 897 3490 fr*
911 3437 1099 3504 (usafuaieo

118 3507 260 3561 sufficerit(
277 3508 306 3560 P
352 3507 449 3578 siquod
468 3509 494 3561 P
559 3510 592 3562 31
610 3515 637 3560 et
652 3510 713 3572 457,
730 3511 747 3560 2
766 3514 869 3559 arteria
888 3509 913 3558 P
