2362 3878
147 175 211 242 364
501 176 503 181 ’
554 191 651 238 muru
673 193 711 240 vr

147 345 314 410 Lucretius
337 343 372 408 in
395 343 508 427 quinto

160 468 165 480 .
191 431 245 495 sed
268 433 377 494 tamen
400 429 563 493 interdum
584 449 705 514 magno
727 428 872 512 quaesita
894 429 1003 492 labore

193 537 264 579 eum
284 514 350 577 iam
371 535 429 598 per
450 516 553 577 terras
573 512 727 577 frondent
749 515 845 596 atque
866 514 975 576 omnia
1000 512 1118 578 florent

192 601 247 663 aut
268 598 377 662 nimiis
399 601 526 662 torrens
548 597 727 662 feruoribus
751 597 911 662 aetherius
934 598 981 661 sol

191 687 248 748 aut
270 683 369 747 subiti
391 683 555 767 perimunt
576 683 696 747 imbres
718 682 905 767 gelidaeque
927 682 1074 766 pruinae,
1131 703 1145 742 s

191 768 355 852 flabraque
377 770 548 832 uentorum
569 767 712 832 uiolento
733 767 862 831 turbine
884 771 1015 832 uexant.

97 854 140 921 30
149 858 226 918 sunt
259 853 314 917 alii
347 851 409 916 looi
440 852 832 949 plurimorumuersuurn
858 872 937 936 quos
964 851 1056 916 Maro
1083 852 1119 916 in

148 937 1119 1105 ratium{statuminandorusus

148 1128 259 1171 uersus
282 1128 321 1171 ex
343 1109 477 1190 utroque
498 1106 730 1190 transcribere,
758 1106 858 1170 libros
880 1109 1005 1170 ueteres
1027 1109 1118 1169 nota·
1132 1129 1158 1168 ro

148 1193 208 1274 bo,
231 1194 269 1256 ut
291 1192 344 1275 qui
366 1191 454 1255 uolet
475 1191 543 1256 illio
564 1191 701 1276 legendo
727 1190 954 1275 aequalitatem
975 1191 1119 1254 locorum

98 1276 344 1343 3loom⁰erendo
366 1276 510 1340 miretur.
554 1275 590 1340 in
611 1274 1118 1360 principierneidos

149 1364 324 1445 tempestas
354 1360 545 1426 describitur
572 1363 605 1425 et
626 1359 737 1425 Venus
765 1360 851 1444 apud
878 1360 988 1424 louein
1016 1360 1119 1443 queri-

148 1448 203 1509 tur
231 1444 269 1508 de
296 1445 448 1528 perieulis
475 1444 535 1508 filii
563 1448 596 1508 et
616 1444 762 1529 Iuppiter
784 1466 855 1508 eam
878 1445 916 1508 de
937 1445 1119 1509 futurorum

172 1529 364 1613 rosperitate
401 1530 533 1594 solatur.
583 1529 637 1594 hio
672 1529 761 1594 loeus
797 1532 883 1593 totus
920 1533 1066 1613 sumptus
1098 1551 1118 1592 a
1132 1549 1158 1590 15

183 1630 291 1678 anvro
320 1615 369 1678 est
398 1634 436 1677 ex
463 1631 574 1679 paruo
602 1631 709 1679 nrnuo
738 1630 844 1678 annm
872 1613 1007 1678 Pvruei.
1052 1613 1119 1678 illie

151 1699 238 1763 enim
259 1719 358 1783 aeque
378 1696 490 1764 Venus
512 1698 660 1764 Troianis
682 1702 875 1784 tempestate
896 1698 1119 1763 laborantibus

151 1805 223 1848 eum
249 1783 325 1848 Ioue
358 1784 502 1868 queritur
529 1787 562 1848 et
589 1786 741 1849 seruntur
773 1784 872 1848 uerba
899 1782 985 1847 Iouis
1018 1783 1119 1846 filiam

99 1868 347 1935 32oonsolantis
379 1890 435 1954 spe
461 1869 653 1934 futurorum.
697 1869 775 1933 item
809 1868 847 1932 de
874 1868 1056 1932 Pandaro
1086 1871 1119 1931 et

150 1951 261 2018 Bitia
299 1954 517 2038 aperientibus
553 1958 663 2039 portas
696 1953 784 2019 loeus
815 1955 965 2037 acceptus
999 1956 1047 2017 est
1080 1974 1119 2016 ex
1132 1975 1157 2016 ro

150 2055 256 2104 muno
285 2055 417 2116 Qwuro
447 2056 581 2104 Dromo
610 2038 715 2104 Eunu
722 2089 731 2123 ,
761 2038 815 2123 qui
842 2037 969 2102 induxit
990 2037 1119 2101 Histros

151 2123 230 2187 duos
251 2124 287 2188 in
309 2123 474 2189 obsidione
504 2125 645 2208 erupisse
690 2128 760 2188 orta
783 2127 816 2187 et
837 2126 981 2220 stragem
1004 2122 1042 2186 de
1064 2122 1118 2186 ob

99 2208 141 2272 33
150 2208 275 2273 sidente
302 2208 395 2273 hoste
421 2209 547 2274 fecisse.
591 2231 652 2274 nee
708 2208 806 2272 ullio
829 2207 1021 2292 conpilando
1043 2207 1119 2271 dum

150 2293 243 2357 modo
265 2293 405 2377 undique
428 2297 619 2359 ornamenta
641 2293 702 2357 sibi
726 2292 901 2376 conferret,
925 2292 1083 2356 abstinuit

354 2398 373 2441 ο
394 2377 483 2442 fama
504 2379 621 2462 ingens
642 2377 806 2463 ingentior
827 2378 924 2441 arinis
1132 2399 1157 2438 aa

353 2461 404 2524 uir
425 2462 575 2526 Troiane.

149 2565 266 2629 nempe
287 2543 348 2609 hoc
371 2545 417 2609 ait
441 2547 587 2610 Aeneam
607 2546 729 2610 famam
751 2567 842 2610 suam
863 2546 960 2611 factis
981 2545 1118 2609 fortibus

151 2629 990 2781 {restaurandarumriguus
1011 2631 1118 2779 tta

152 2799 419 2884 contingebat
453 2800 496 2864 in
528 2821 570 2865 eo
603 2801 704 2884 quod
736 2799 942 2884 plerisque
977 2803 1158 2864 eontraao

151 2884 270 2967 solet,
294 2886 335 2948 ut
356 2885 506 2949 maiora
527 2887 658 2949 omnia
686 2907 726 2949 re
748 2906 862 2970 quam
883 2884 988 2948 fama
1009 2884 1118 2947 uide-

150 2971 307 3050 rentur,
341 2968 381 3032 id
418 2969 517 3053 quod
553 2990 629 3033 non
665 2992 784 3054 saepe
821 2969 957 3035 euenit
984 2972 1027 3033 ut
1055 2990 1118 3032 ex-

218 3161 233 3208 2
251 3159 276 3209 V
293 3159 344 3208 214
412 3159 446 3208 26
464 3157 531 3208 Aen.
549 3158 589 3208 XI
607 3160 657 3209 524
725 3161 758 3210 30
776 3158 875 3224 fragm.
895 3175 922 3224 p.
941 3160 1000 3220 987,
1018 3160 1051 3208 43
1071 3157 1117 3208 Or.

150 3281 234 3287 —-.
239 3279 353 3286 ----

220 3362 346 3413 1·V·P
411 3352 574 3411 4mm1sP‘
643 3363 675 3411 12
701 3363 909 3412 mrnreturP
978 3362 1009 3411 16
1035 3375 1118 3412 neuro

137 3424 407 3549 :interlivseq'uni
422 3430 448 3479 P
514 3430 547 3480 23
566 3427 900 3495 odipdandoermase
917 3431 943 3480 P
1009 3432 1041 3480 31
1060 3433 1119 3479 ute-
