2362 3878
133 175 196 241 406
529 191 627 240 troni
650 191 699 240 vn

131 367 193 430 que
215 345 392 429 nocturnis,
423 348 478 410 aut
499 346 606 409 uxore
642 348 788 410 raesente
817 346 901 429 quod
928 345 1026 410 stulte
1054 347 1103 411 fs-

133 432 197 496 oiot
224 430 369 495 uxorium
403 451 437 495 se
465 430 647 515 praebeno
678 451 739 495 nec
771 430 871 495 ullam
905 430 953 495 ele
978 432 1104 498 entiam

132 514 281 601 eligendo
302 515 487 580 formarum.
526 514 606 579 hoec
628 515 715 579 enirn
738 518 770 580 et
791 515 828 580 in
849 536 927 600 quos
950 452 1103 583 dicuntur

79 599 164 666 20et
200 602 384 684 praesentes
420 601 586 664 hilaritate
628 598 839 684 perfundunt.
898 603 1104 667 commendat

130 704 271 750 scomma
299 688 332 749 et
359 686 504 750 condicio
526 684 662 750 dicentis
685 684 712 749 si
734 685 771 749 in
792 685 905 750 eadem
927 707 1023 750 causa
1044 689 1128 772 sits

130 773 166 835 ut
188 770 216 834 si
238 769 337 834 olium
360 769 399 834 de
413 772 604 854 paupertate
618 790 741 854 pauper
755 769 906 853 inrideat,
923 772 951 834 si
967 772 1102 838 obscure

129 857 245 919 natum
273 857 369 920 natus
397 855 541 920 obscure.
597 876 674 919 num
703 853 873 919 Torseus
907 856 1101 940 Amphios

131 961 203 1004 oum
226 960 264 1004 ex
285 939 457 1004 hortulano
502 943 595 1004 otens
618 939 702 1003 esset
724 941 756 1003 et
784 939 820 1003 in
842 940 981 1005 amicum
1009 943 1102 1025 quusi

130 1024 322 1109 degenerem
343 1046 410 1090 non
431 1048 455 1089 n
502 1047 520 1088 n
543 1023 690 1108 dixisset,
713 1044 788 1087 mox
810 1024 947 1089 subiecit
974 1027 1041 1090 sed
1063 1030 1102 1091 et

130 1130 200 1173 nos
222 1108 267 1174 de
289 1108 413 1174 isdem
435 1108 660 1174 seminibus
682 1129 812 1173 sumus
835 1111 868 1174 et
882 1130 993 1175 omnes
1015 1113 1100 1195 pari-
1115 1134 1140 1174 ro

78 1193 120 1258 21
131 1197 181 1259 ter
201 1193 303 1259 laetos
324 1193 413 1259 fecit.
457 1193 514 1258 illu
535 1215 612 1258 uero
633 1195 811 1258 scommata
832 1193 954 1259 directa
974 1195 1101 1261 laetitio

131 1279 260 1343 eumin
282 1300 376 1363 quem
398 1278 548 1343 dicuntur
576 1277 769 1361 infundunt,
799 1278 828 1342 si
855 1279 962 1344 uirum
982 1280 1100 1346 fortem

129 1364 291 1446 uituperes
319 1363 411 1447 quasi
438 1363 551 1427 salutis
579 1384 655 1428 snae
682 1363 854 1448 prodigum
882 1368 915 1429 et
941 1387 999 1448 pro
1027 1366 1099 1431 aliis

129 1447 212 1511 mori
233 1447 395 1512 uolentem
417 1449 473 1511 aut
496 1447 523 1512 si
546 1447 700 1512 obieceris
722 1448 850 1513 liberali
865 1450 949 1534 quod
963 1471 1014 1515 res
1026 1473 1098 1516 suas

129 1530 305 1679 profundat
326 1532 432 1629 minus
455 1532 517 1596 sibi
539 1555 635 1617 quam
657 1532 728 1597 aliis
752 1533 957 1599 consulendo.
997 1536 1043 1599 sio
1066 1538 1099 1600 et
1112 1557 1136 1597 15

130 1615 972 1798 seetretentiuntnrnr.otuu
989 1641 1096 1766 :uu

128 1786 348 1850 mendroum
369 1787 532 1852 iecitex
553 1788 682 1853 diuite
698 1792 736 1853 et
756 1810 827 1873 pro
841 1786 969 1870 ampla
984 1786 1095 1850 domo

129 1871 172 1935 in
193 1870 300 1937 dolio
322 1871 424 1936 fecit
444 1871 641 1941 habitare.
678 1874 792 1938 melius
815 1871 998 1937 autemisto
1014 1871 1096 1935 dioe-

128 1955 186 2020 bat
207 1978 303 2040 quam
325 1957 353 2021 si
374 1956 496 2022 diceret
523 1962 663 2046 gratus
691 1959 756 2024 illi
784 1980 867 2022 sum
893 1956 987 2042 quia
1009 1956 1136 2041 ipsero

128 2062 184 2105 me
216 2041 496 2128 philosophum
530 2047 567 2108 et
601 2046 896 2110 consummatae
928 2041 1097 2106 uirtutis

128 2125 258 2190 uirum
280 2127 388 2192 fecit.

78 2208 120 2274 22
213 2211 302 2296 Ergo
325 2235 397 2277 cum
419 2235 519 2277 unum
539 2234 658 2277 nomen
680 2211 864 2277 scommatis
888 2213 947 2294 sit,
978 2211 1097 2275 diuersi

127 2295 163 2359 in
186 2317 223 2360 eo
250 2298 458 2362 continentur
485 2297 626 2363 effectus.
676 2296 747 2360 ideo
774 2295 859 2376 apud
885 2294 1098 2360 Lacedaemo·

127 2380 199 2444 nios
221 2381 307 2446 inter
329 2385 435 2446 cetera
457 2384 588 2445 exactae
609 2381 696 2444 uitae
717 2377 869 2442 instituto
890 2377 951 2440 hoe
973 2399 1137 2460 quoquere

129 2465 271 2529 exercitii
300 2486 404 2550 genus
433 2485 452 2527 a
479 2464 627 2548 Lycurgo
649 2466 699 2527 est
719 2461 904 2525 institutum
930 2463 968 2524 ut
990 2460 1097 2526 adule-

128 2551 253 2611 scentes
277 2551 308 2611 et
331 2551 508 2612 scommate
529 2547 599 2610 sine
620 2567 729 2610 morsu
749 2544 855 2608 dicere
881 2547 913 2608 et
949 2545 989 2608 ab
1024 2545 1096 2611 aliis

127 2631 163 2694 in
192 2651 225 2694 se
252 2631 339 2694 diota
367 2652 425 2715 per
447 2631 492 2694 eti
520 2629 697 2713 discerent,
730 2650 768 2693 ac
796 2628 895 2713 siquis
925 2651 1033 2694 eorum
1062 2633 1097 2695 in

127 2713 386 2798 indignationem
408 2653 448 2779 ot
469 2715 535 2779 tale
557 2713 679 2778 dictum
700 2713 868 2798 prolapsus
889 2715 1020 2799 fuisset,
1049 2717 1096 2780 ul-

77 2797 120 2863 23
128 2797 228 2862 terius
251 2799 281 2862 ei
308 2798 343 2862 in
371 2798 508 2864 alterum
529 2799 634 2864 dicere
655 2820 722 2864 non
744 2798 874 2864 licebat.
925 2822 996 2864 cum
1019 2822 1096 2886 ergo
1110 2821 1136 2862 ro

127 2882 253 2966 uideas,
282 2884 328 2947 mi
357 2884 482 2950 Auiene
510 2922 552 2934 -
573 2883 773 2949 instituendo
800 2886 850 2949 est
877 2885 963 2950 enim
990 2884 1096 2949 adule-

128 2967 253 3032 scentia
275 2971 348 3052 tua,
372 2990 454 3055 quoe
475 2969 522 3035 ita
544 2968 656 3034 docilis
679 2973 729 3034 est
749 2972 786 3033 ut
800 2969 952 3034 discenda
974 2970 1096 3053 praeci-

127 3052 197 3136 piet
218 3090 260 3102 -
283 3075 355 3118 oum
377 3054 486 3120 uideas
507 3056 640 3140 inquom
662 3074 780 3139 onecps
795 3075 865 3119 esse
879 3075 973 3118 omne
995 3075 1095 3119 seom-

127 3139 249 3201 mutum
272 3159 385 3224 genus,
402 3140 519 3205 suadeo
533 3140 569 3204 in
585 3139 741 3204 conuiuiis
768 3140 802 3202 in
823 3139 938 3222 quibus
953 3139 1096 3203 laetitiae

196 3361 351 3412 ooondrtro
370 3360 415 3424 (P)
485 3363 517 3412 15
537 3359 664 3413 euolonte
683 3364 707 3412 P
779 3360 1101 3413 23rcomat1rscomat1s

127 3428 153 3477 P
211 3431 244 3479 24
262 3428 382 3481 effectus
395 3430 421 3479 P
469 3428 677 3481 lacedemonios
690 3430 715 3480 P
781 3431 814 3479 26
831 3427 981 3496 licurgoP
1031 3430 1096 3481 ado-

122 3494 264 3548 lescentes
275 3498 302 3548 P
370 3497 616 3550 recesseratis
634 3498 660 3546 P
725 3499 758 3548 31
777 3496 964 3549 odolescentia
982 3498 1008 3547 P
