2362 3878
489 193 558 258 xri,
581 186 673 238 4-13
995 146 1057 244 521

94 348 219 412 animae
234 346 420 411 memoriam
435 367 541 410 rerum
556 344 748 429 diuinarum,
793 369 906 412 uarum
920 349 956 413 in
970 350 1060 414 caelo

94 435 188 497 erant
216 432 378 513 consciae,
413 431 453 495 ad
481 451 614 515 corpora
639 452 739 515 usque
769 367 946 517 deferrent,
969 434 1060 498 nulla

94 519 179 582 inter
199 516 345 582 homines
366 516 451 580 foret
472 515 511 579 dc
534 515 704 580 diuinitate
725 515 881 581 dissensio
904 518 959 583 sed
980 519 1058 584 obli·

92 604 220 668 uionem
247 602 375 686 quidem
396 622 507 665 omncs
534 600 753 666 descendendo
780 601 948 686 hauriunt,
977 602 1059 669 aliae

67 707 169 752 suero
196 687 315 771 magis,
343 685 450 749 minus
478 685 569 750 aliae.
620 687 653 749 εὴ
680 685 751 750 ideo
772 685 807 749 in
828 686 924 751 terris
945 708 1058 751 uerum

94 794 167 837 cum
188 793 255 836 non
277 770 424 834 omnibus
445 769 583 854 liqueat,
612 773 724 834 tamen
751 771 926 855 opinantur
948 792 1058 836 omnes

93 856 168 941 quia
190 855 351 939 opinionis
372 855 472 920 ortus
485 857 535 919 est
558 855 728 919 memoriae
756 855 910 921 defectus.
955 856 990 920 hi
1011 858 1109 926 ta-IO

92 962 167 1005 men
189 939 251 1005 hoc
272 940 376 1026 magis
396 939 570 1004 inueniunt
591 940 646 1024 qui
667 940 774 1004 minus
795 941 966 1006 obliuionis
981 940 1058 1005 hau-

94 1029 205 1091 serunt
237 1026 312 1109 quia
346 1024 441 1089 facilc
473 1025 724 1089 reminiscuntur
759 1025 842 1110 quod
880 1025 948 1091 illic
982 1029 1059 1090 ante

55 1131 80 1169 10
94 1110 314 1195 cognouerint.
352 1110 429 1174 hino
444 1109 591 1194 estquod
605 1131 686 1194 quae
700 1110 784 1194 apud
803 1109 936 1176 Latinos
950 1111 1057 1194 lectio,

93 1196 176 1279 apud
204 1195 344 1260 Graecos
370 1196 505 1259 uocatur
531 1194 669 1279 repetita
697 1196 853 1280 cognitio,
884 1197 958 1280 quia
987 1217 1059 1260 cum

91 1302 169 1344 uera
202 1280 353 1344 discimus
389 1301 427 1344 ea
460 1279 719 1363 recognoscimus
752 1301 833 1364 quae
866 1280 1059 1345 naturaliter

92 1386 283 1429 noueremus
304 1365 393 1448 prius
415 1385 510 1449 quam
532 1364 707 1429 materialis
728 1365 861 1430 influxio
887 1366 922 1430 in
944 1387 1058 1450 corpus

93 1449 260 1512 uenientes
288 1449 411 1514 animas
444 1449 593 1514 ebriaret.
636 1448 717 1514 haec
749 1453 798 1514 est
831 1453 938 1516 autem
970 1450 1055 1536 hyle,
1071 1453 1108 1517 11

56 1552 290 1617 15quaeom11e
314 1555 349 1598 co
389 1554 427 1597 us
449 1534 560 1598 mundi
583 1535 667 1619 quod
687 1535 877 1619 ubicumque
900 1537 1058 1601 cernimus

93 1618 173 1682 ideis
195 1618 342 1702 inpressa
377 1618 523 1682 ormauit.
568 1619 624 1682 sed
652 1619 809 1684 altissima
831 1628 863 1684 et
889 1621 1060 1704 purissima

93 1724 168 1786 pars
191 1703 269 1786 eius,
293 1724 356 1787 qua
378 1703 429 1767 uel
452 1705 676 1767 sustentantur
698 1705 808 1768 diuina
829 1704 882 1768 uel
898 1708 1058 1788 constant,

93 1791 207 1852 nectar
233 1791 367 1853 uocatur
395 1790 428 1852 et
450 1788 590 1853 creditur
617 1808 686 1851 esse
713 1791 808 1871 potus
835 1789 981 1871 deorum,
1010 1790 1060 1852 in·

93 1873 192 1936 ferior
212 1893 289 1935 uero
311 1875 406 1955 atque
427 1871 586 1936 turbidior
604 1873 701 1953 potus
720 1871 909 1936 animarum.
951 1876 984 1937 et
997 1871 1059 1937 hoc

56 1973 81 2012 20
95 1960 144 2019 cst
165 1956 249 2040 quod
270 1958 395 2019 ueteres
416 1955 592 2019 Lethaeum
614 1954 748 2018 fluuium
767 1960 974 2021 uocauerunt.
1012 1957 1023 2021 i
1047 1959 1109 2022 -12

94 2061 165 2103 sum
193 2044 299 2103 autem
326 2038 477 2103 Liberum
503 2041 630 2122 patrem
653 2038 807 2123 Orphaici
829 2045 916 2104 νοῦν
938 2040 1059 2105 dieuco

94 2124 298 2206 suspicantur
319 2123 466 2207 intellegi
487 2124 541 2208 qui
570 2122 610 2187 ab
637 2122 693 2187 illo
714 2122 880 2188 indiuiduo
906 2128 1003 2190 natus
1024 2127 1060 2189 in

94 2208 238 2293 singulos
259 2209 329 2292 ipse
351 2207 514 2273 diuiditur.
559 2207 630 2272 ideo
658 2208 694 2273 in
726 2208 854 2272 illorum
875 2209 974 2274 sacris
995 2213 1061 2274 tra·

94 2293 181 2357 ditur
201 2293 331 2358 Titanio
351 2293 460 2358 furore
480 2293 516 2358 in
536 2292 680 2357 membra
695 2292 872 2377 discerptus
894 2297 927 2358 et
948 2293 1060 2360 frustis

56 2394 81 2434 25
95 2378 228 2463 sepultis
250 2400 359 2443 rursus
381 2400 465 2442 unus
487 2382 519 2443 et
540 2378 668 2462 integer
691 2379 855 2443 emersisse
875 2379 951 2527 (guia
966 2382 1059 2462 νοῦς,

94 2486 189 2547 quem
218 2464 355 2528 diximus
384 2466 526 2528 mentem
557 2462 681 2546 uocari,
711 2484 751 2527 ex
777 2463 878 2528 indiui
901 2486 943 2528 uo
970 2485 1060 2550 prae-

94 2548 200 2612 bendo
222 2570 256 2612 se
278 2548 484 2614 diuidendum
511 2551 544 2613 et
565 2569 675 2612 rursus
697 2568 736 2612 ex
758 2549 860 2615 diuiso
883 2551 924 2613 ad
944 2549 1061 2614 indiui-

96 2632 193 2695 duum
214 2634 403 2699 reuertendo
426 2636 458 2698 εὴ
479 2633 589 2698 mundi
611 2632 715 2716 inplet
736 2633 843 2698 officia
871 2637 904 2700 εὴ
924 2638 1060 2699 naturae

96 2737 172 2781 suae
194 2738 311 2782 arcana
337 2740 405 2783 non
432 2718 559 2782 deserit.
603 2716 665 2782 hoc
692 2739 769 2803 crgo
796 2719 899 2802 primo
920 2720 1061 2804 pondere
1072 2719 1111 2784 13

163 2907 179 2954 2
197 2904 363 2972 conscientie
380 2904 406 2954 B
461 2905 497 2956 ad
516 2919 631 2970 corpora
649 2904 731 2970 usqne
750 2906 890 2958 deferrent
907 2923 954 2962 om.
967 2907 993 2957 B
1045 2909 1061 2958 3

95 2990 207 3074 dniilatr
225 3024 252 3073 P
304 3023 431 3075 dissentio
451 3021 484 3074 l&
501 3022 526 3073 B
593 3025 742 3074 laununt
757 3017 792 3073 B'
860 3027 1062 3091 topprnautur

96 3093 121 3142 B
192 3091 305 3142 10h1ne
324 3091 365 3141 est
381 3098 407 3142 et
425 3093 455 3140 11
475 3089 548 3157 apud
566 3088 691 3142 Graecos
704 3100 863 3143 creauerunt
878 3095 905 3145 in
922 3093 947 3142 B
1030 3096 1058 3144 11

96 3176 163 3224 quia
182 3174 243 3211 cum
261 3173 329 3209 uera
347 3169 503 3209 mouerunt
519 3160 545 3207 in
562 3157 589 3206 B
658 3160 690 3210 12
707 3159 930 3227 recognoscimus
943 3161 1061 3220 (praeter

95 3227 228 3294 recogno)
247 3242 318 3292 quae
336 3225 500 3278 naturaliter
518 3234 674 3278 etiamnum
691 3229 717 3278 in
736 3228 761 3277 B
841 3230 874 3279 13
891 3227 1065 3279 mathenalrs

95 3288 128 3344 P'
198 3299 229 3347 15
247 3296 358 3361 ubrcfiq3
376 3293 402 3343 B
488 3295 519 3345 17
538 3287 695 3347 eonstatB'
782 3297 814 3346 19
833 3300 916 3359 atque
934 3295 972 3346 B:
997 3291 1064 3346 &P

96 3366 129 3412 ‘20
146 3364 268 3414 letheum
286 3363 312 3413 P
360 3359 830 3430 uocaueruntnmsnrplnmP
880 3366 910 3414 21
930 3360 1059 3415 ΥΛΙΚΟΝ

97 3431 122 3479 Ρ
173 3432 206 3480 21
224 3430 362 3498 disceptus
378 3423 410 3479 B‘
478 3433 511 3482 26
530 3430 687 3495 praebendo
703 3457 739 3468 -
756 3434 789 3484 29
807 3431 909 3482 deserit
926 3430 959 3481 ab
976 3433 1061 3482 altera

95 3515 169 3548 manu
185 3501 285 3564 scripta
301 3503 327 3550 in
338 3498 364 3547 B
432 3501 464 3550 27
484 3497 534 3549 le*
551 3497 577 3548 P
642 3498 676 3550 28
692 3499 791 3567 implet
808 3498 858 3549 PB
