2362 3878
381 202 446 248 v111
453 232 462 265 ,
479 195 581 246 1-14,
604 201 694 267 vnn,
711 196 785 246 1-5
1006 188 1066 252 187

334 374 402 416 mos
425 355 495 416 erat
516 353 673 437 Hesperio
695 355 731 418 in
752 354 845 418 Latio

99 458 132 519 et
159 453 290 539 reliqua.
344 455 486 519 seruauit
511 455 597 518 enim
622 475 797 552 regnorum
823 458 1065 542 successionem,

99 540 217 624 quippe
239 539 336 623 primi
358 542 578 687 repnauerunt
599 538 724 623 Latmi,
756 540 870 605 deinde
893 541 1013 606 Albani
1035 547 1068 607 et

98 625 174 688 inde
189 624 337 689 Romani.
382 625 393 686 i
416 645 453 688 eo
480 645 560 688 mos
589 627 675 688 erat
696 624 836 708 primum
865 625 963 708 dixit,
992 626 1067 691 He-

73 709 231 793 esperio
253 709 293 772 in
315 708 446 791 Lario,
472 712 505 772 et
525 711 638 792 postea
660 730 772 792 quem
796 711 982 793 protinus
1004 733 1067 774 ur-

98 795 166 858 bes
192 793 375 858 Albanae
404 793 562 857 coluere
591 815 759 876 sacrum,
789 794 903 859 deinde
932 795 1067 860 subiecit

98 899 205 942 nunc
227 877 396 942 maxima
417 900 546 941 rerum
568 877 690 942 Roma
716 879 824 943 colit.

203 996 378 1060 Excessere
400 1017 510 1060 omnes
534 995 639 1080 adytis
662 997 789 1080 arisque
811 996 933 1061 relictis
1018 995 1118 1063 VIIII

205 1081 237 1144 di
259 1080 372 1164 quibus
394 1081 565 1165 imperium
586 1081 647 1145 hoc
669 1084 812 1146 steterat.

62 1201 132 1262 met
154 1199 192 1262 de
214 1198 431 1263 uetustissimo
453 1198 671 1263 Romanorum
692 1220 780 1264 more
802 1201 895 1264 etde
918 1202 1066 1265 occultis·

100 1283 189 1347 simis
211 1284 311 1348 sacris
332 1305 395 1347 uox
417 1283 480 1347 ista
502 1284 627 1368 prolata
649 1286 706 1348 est.
753 1287 880 1348 constat
900 1284 987 1349 enim
1002 1283 1102 1350 om-2

98 1390 156 1432 nes
177 1367 272 1432 urbes
294 1369 330 1432 in
353 1367 487 1432 alicuius
509 1368 561 1432 dei
583 1390 651 1432 esse
676 1369 777 1432 tutela
798 1391 981 1454 moremque
1002 1369 1066 1435 Ro-

97 1474 266 1516 manorum
287 1475 442 1517 arcanum
463 1456 495 1517 et
514 1452 625 1517 multis
639 1453 789 1538 ignotum
802 1454 901 1519 fuisse
916 1457 968 1539 ut,
994 1478 1066 1521 cum

98 1538 282 1602 obsiderent
308 1537 421 1602 urbem
453 1537 594 1602 hostium
622 1559 754 1622 eamque
782 1538 845 1602 ianr
875 1539 946 1623 capi
972 1560 1065 1623 posse
1138 1552 1141 1560 ’

61 1639 85 1679 15
100 1622 313 1704 confiderent,
339 1625 425 1686 certo
449 1622 591 1687 carmine
613 1626 784 1687 auocarent
803 1624 957 1688 tutelares
978 1625 1063 1707 deos,

100 1707 184 1791 quod
206 1711 261 1771 aut
283 1707 377 1771 aliter
398 1707 511 1771 urbem
534 1708 605 1791 capi
627 1728 719 1791 posse
740 1729 806 1772 non
828 1708 995 1773 crederent
1009 1713 1065 1774 aut

99 1792 213 1875 etiam,
237 1792 265 1856 si
285 1794 409 1875 posset,
434 1792 525 1856 nefas
543 1792 753 1857 aestimarent
768 1793 842 1856 deos
857 1792 975 1858 habere
992 1814 1065 1877 cap-

97 1877 191 1940 tiuos
236 1898 312 1940 nam
356 1880 504 1961 ropterea
525 1876 590 1960 ipsi
603 1876 743 1942 Romani
765 1879 797 1940 et
817 1877 912 1941 deum
926 1878 961 1941 in
978 1875 1101 1942 cuius3

98 1961 199 2025 tutela
224 1960 300 2025 urbs
353 1983 425 2025 oma
453 1965 502 2026 est
530 1964 562 2025 et
589 1961 689 2044 ipsius
716 1960 804 2025 urbis
830 1960 981 2025 Latinum
1009 1984 1064 2027 no-

60 2063 86 2103 20
98 2068 173 2110 men
195 2046 344 2130 ignotum
364 2067 434 2111 esse
449 2046 631 2110 uoluerunt.
670 2045 725 2109 sed
740 2044 792 2109 dei
806 2046 934 2129 quidem
948 2067 1066 2110 nomen
1080 2047 1103 2109 4

98 2152 164 2194 non
190 2130 288 2196 nullis
316 2131 522 2215 antiquorum
549 2129 627 2194 licet
653 2129 739 2193 inter
768 2151 801 2193 se
829 2128 1063 2213 dissidentium,

98 2214 189 2278 libris
216 2214 350 2280 insitum
378 2219 411 2280 et
438 2215 509 2279 ideo
536 2217 665 2278 uetusta
692 2214 956 2298 persequentibus
978 2214 1064 2298 quic-

119 2299 175 2362 uid
195 2299 234 2363 de
253 2299 314 2364 hoc
327 2304 462 2384 putatur
475 2299 629 2364 innotuit.
673 2299 729 2363 alii
745 2300 832 2363 enim
846 2298 976 2363 Iouem
999 2320 1064 2363 cre-

98 2321 249 2447 diderunt
269 2384 324 2448 alii
338 2385 500 2468 Lunam,
522 2387 599 2448 sunt
619 2384 674 2468 qui
689 2384 961 2469 Angeronam,
983 2405 1064 2468 quae

60 2487 85 2526 25
99 2468 200 2552 digito
223 2468 263 2532 ad
285 2490 320 2533 os
342 2471 470 2534 admoto
492 2468 658 2534 silentium
672 2468 857 2553 denuntiat,
881 2469 937 2533 alii
957 2472 1065 2534 autem

98 2574 232 2636 quorum
260 2554 338 2618 fides
365 2555 445 2619 mihi
472 2554 599 2619 uidetur
631 2554 752 2618 firmior
780 2554 898 2638 Opem
927 2553 1064 2620 Consi-

97 2636 202 2700 uiam
224 2659 292 2702 esse
315 2638 476 2705 dixerunt.
514 2639 615 2723 ipsius
637 2660 714 2703 uero
730 2639 819 2703 urbis
834 2661 952 2704 nomen
968 2639 1066 2703 etiam
1081 2640 1102 2704 5

98 2722 290 2787 doctissimis
324 2724 509 2809 ignoratum
541 2727 591 2788 est
624 2724 812 2788 cauentibus
840 2723 995 2788 Romanis
1022 2745 1064 2788 ne

98 2806 180 2890 quod
205 2828 299 2892 saepe
323 2809 475 2873 aduersus
497 2808 591 2872 mbes
612 2806 753 2873 hostium
774 2807 889 2873 fecisse
912 2829 946 2872 se
967 2829 1064 2873 noue-

59 2908 85 2948 11
97 2894 173 2956 rant
194 2891 279 2957 idem
300 2893 363 2978 ipsi
385 2914 508 2978 quoque
530 2892 640 2957 hostili
662 2893 848 2957 euocatione
862 2895 1062 2977 paterentur,

165 3066 183 3115 8
205 3065 385 3117 Aen11351

165 3237 181 3285 3
199 3235 263 3284 mde
283 3234 377 3285 albam
388 3235 414 3284 B
483 3236 499 3283 5
516 3232 613 3296 ptrnus
627 3248 682 3284 una
701 3233 796 3284 albam
814 3233 924 3284 coluere
942 3248 998 3283 um
1015 3233 1066 3284 BP

97 3302 217 3352 8ad1t1s
230 3304 256 3352 P
339 3304 371 3353 13
398 3301 549 3352 archanum
571 3303 598 3351 P
675 3302 707 3350 14
725 3316 817 3366 1111111ρι
835 3300 860 3350 Β
929 3302 961 3352 17
980 3303 1064 3350 etram

97 3384 144 3419 om.
162 3371 188 3420 P
256 3371 288 3419 19
315 3369 355 3420 cst
380 3375 410 3420 ut
432 3370 458 3420 P
524 3370 558 3418 22
580 3367 700 3420 udrustas
717 3369 744 3418 B
813 3370 847 3419 24
870 3365 1012 3434 angerent
1033 3359 1064 3417 P‘

97 3435 225 3553 2g·⁰pi)³}*
242 3439 274 3501 P,
294 3439 387 3489 deinde
406 3436 528 3489 confimo
547 3438 575 3487 ni
588 3429 714 3500 fallorP‘
764 3437 798 3486 28
815 3442 939 3502 ignotum
958 3436 982 3484 P
1032 3436 1065 3484 ’10

98 3519 143 3554 re
515 3516 518 3521 ’
