2362 3878
164 171 227 235 498
575 186 670 232 unm
685 187 698 232 1

164 344 216 404 tus
244 339 385 404 decimus
416 339 530 423 primo.
575 340 672 403 tertia
704 360 779 403 uero
812 337 985 404 hebdomas
1020 342 1134 407 eadem

114 428 155 492 62
164 425 246 489 facit
267 444 348 508 quae
370 424 485 508 prima,
509 427 624 508 quarta
646 423 757 488 eadem
778 445 859 508 quae
881 425 1033 490 secunda.
1080 427 1135 493 hic

164 510 300 594 denique
323 511 371 574 est
392 530 544 573 numerus
571 508 625 593 qui
651 508 814 574 hominem
842 511 968 594 concipi
995 509 1132 577 formari

164 595 215 659 edi
236 595 344 658 uiuere
373 593 417 657 ali
444 615 482 658 ao
503 615 561 678 per
586 615 696 658 omnes
724 596 868 659 aetatum
895 595 1015 680 gradus
1044 597 1132 662 tradi

163 681 311 744 senectae
333 682 430 764 atque
452 678 584 743 omnino
606 681 752 744 constare
774 678 863 744 facit.
893 702 969 744 nam
992 683 1029 745 ut
1051 680 1156 747 illudo

161 768 324 829 taceamus
346 763 431 848 quod
453 766 580 828 uterum
600 763 690 828 nulla
718 764 751 828 ui
776 765 908 830 seminis
937 769 1131 849 occupatum

162 850 223 914 hoo
245 849 368 914 dierum
389 870 522 913 numero
549 852 667 913 natura
696 849 863 914 constituit
890 849 979 914 uelut
1001 851 1131 916 decreto

162 934 384 999 exonerandae
405 933 548 997 mulieris
570 933 724 1019 uectigali
745 955 855 999 mense
877 935 1033 1000 redeunte
1056 958 1131 1021 pur-

161 1019 243 1104 gari,
266 1017 328 1084 hoc
350 1021 461 1083 tamen
481 1020 749 1102 praetereundum
770 1040 838 1083 non
860 1024 910 1084 est
924 1019 1000 1104 quia
1018 1041 1130 1086 semen

160 1105 245 1189 quod
265 1107 340 1187 post
360 1103 480 1168 iactum
502 1104 551 1168 sui
572 1104 660 1168 intra
681 1104 777 1168 horas
799 1107 923 1188 septem
944 1125 1012 1168 non
1030 1106 1131 1171 fuerit
1143 1129 1165 1167 10

159 1190 195 1253 in
218 1188 404 1254 effusionem
426 1189 588 1272 relapsum
609 1187 750 1253 haesisse
772 1189 808 1253 in
821 1189 923 1253 uitam
938 1192 1130 1272 pronuntia·

109 1277 150 1342 63
159 1277 222 1338 tur.
260 1295 371 1338 uerum
399 1273 520 1337 semine
548 1273 647 1337 semel
672 1273 760 1337 intra
792 1273 954 1338 formandi
986 1273 1129 1340 hominis

159 1358 322 1422 monetam
342 1357 448 1422 locato
469 1357 531 1421 hoo
552 1357 691 1442 primum
713 1359 830 1422 artifex
852 1361 969 1423 natura
996 1360 1130 1425 molitur

159 1445 196 1506 ut
223 1442 273 1506 die
295 1442 432 1525 septimo
459 1440 638 1506 folliculum
664 1443 841 1528 genuinum
864 1444 1040 1509 circumdet
1071 1444 1129 1509 hu·

158 1526 240 1590 mori
262 1548 301 1590 ex
322 1526 510 1591 membrana
531 1529 600 1591 tam
621 1529 711 1592 tenui
733 1529 836 1612 qualis
863 1529 899 1592 in
927 1550 987 1592 ouo
1010 1529 1053 1593 ab
1076 1552 1128 1594 cx·
1142 1548 1164 1588 15

157 1611 275 1675 teriore
297 1614 382 1675 testa
405 1610 563 1675 clauditur
591 1616 623 1676 et
643 1612 732 1677 intra
754 1635 787 1678 se
810 1612 930 1678 claudit
956 1613 1126 1698 liquorem.

107 1695 219 1764 64hoc
242 1717 314 1762 cum
336 1718 356 1760 a
376 1695 519 1780 physicis
541 1696 775 1781 deprehensum
797 1698 850 1781 sit,
873 1697 1126 1765 HIPPocaarras

158 1802 282 1866 quoque
304 1781 373 1866 ipsc
395 1781 449 1866 qui
471 1785 539 1845 tam
560 1781 673 1846 fallere
695 1805 791 1866 quam
812 1782 884 1846 falli
905 1783 1009 1847 nescit
1030 1805 1127 1867 expe-

157 1867 288 1930 rimenti
312 1869 416 1932 certus
439 1867 596 1949 adseruit,
625 1867 768 1932 referens
798 1868 833 1932 in
858 1885 965 1933 Malao
993 1868 1048 1952 qui
1077 1886 1126 1932 DE

156 1967 296 2017 Narvaa
319 1968 426 2015 Pvnar
446 1951 634 2016 inscribitur
655 1952 721 2016 tale
741 1953 872 2017 seminis
886 1953 1126 2036 receptaculum
1138 1972 1162 2012 ao

157 2035 196 2101 de
217 2040 309 2101 utero
332 2037 399 2101 eius
422 2037 558 2101 eiectum
574 2058 669 2121 quam
692 2037 828 2121 septimo
843 2040 917 2122 post
933 2041 1125 2123 conceptum

157 2121 208 2185 die
229 2120 443 2187 intellexerat.
487 2120 653 2186 mulierem
676 2122 763 2186 enim
791 2122 912 2187 semine
934 2143 1002 2186 non
1024 2123 1125 2188 effuso

155 2227 197 2271 ne
219 2206 356 2292 grauida
377 2209 533 2290 maneret,
566 2209 713 2271 orantem
745 2207 961 2291 imperauerat
989 2206 1124 2273 saltibus

157 2291 313 2356 concitari
340 2292 448 2376 aitque
481 2313 514 2356 se
537 2291 617 2356 timo
650 2291 700 2356 die
729 2292 846 2356 saltum
879 2293 1054 2374 septimum
1082 2292 1124 2357 ei-

157 2376 269 2440 ciendo
303 2397 374 2440 cum
406 2376 465 2440 tali
486 2314 630 2441 folliculo
661 2375 789 2461 qualem
817 2398 913 2460 supra
940 2376 1124 2442 rettulimus
1136 2397 1159 2437 aa

104 2461 145 2526 65
155 2460 317 2524 suffecisse
345 2460 525 2543 conceptui.
570 2459 651 2524 haec
682 2460 908 2546 Hippocrates.
957 2459 1124 2527 STRATON

155 2544 388 2628 Peripateticus
426 2550 458 2608 et
489 2542 646 2608 Drocnns
681 2544 846 2629 Carystius
878 2567 936 2630 per
971 2550 1124 2630 septenos

155 2627 222 2692 dies
260 2628 407 2711 concepti
443 2627 584 2711 corporis
617 2628 775 2694 fabricam
806 2629 869 2696 hac
897 2630 1123 2698 obseruatione

155 2713 346 2797 dispensant
374 2715 411 2776 ut
445 2713 642 2779 hebdomade
675 2715 815 2779 secunda
850 2715 983 2780 credant
1010 2720 1123 2801 guttas

223 2868 255 2919 19
273 2883 299 2933 p.
319 2870 378 2931 236,
396 2867 413 2918 Ι.
433 2871 467 2920 24
486 2869 528 2922 ed.
548 2870 678 2921 Francos.

222 3024 235 3070 1
256 3020 388 3073 ebdomas
401 3023 434 3086 P,
453 3021 587 3088 epdomal
599 3022 625 3071 B
693 3025 708 3073 2
727 3023 798 3074 saort
815 3040 861 3075 om.
875 3025 901 3074 P
969 3026 984 3074 3
1003 3023 1126 3077 numerrs

152 3081 193 3152 Β,
213 3091 371 3141 numerose
388 3090 414 3140 P
468 3094 626 3155 eoncrprtur
642 3091 670 3139 ni
683 3090 765 3153 fallor
780 3083 814 3141 P'
882 3093 992 3156 incolt
1009 3091 1035 3140 B
1090 3094 1122 3144 15

152 3159 275 3208 membra
292 3163 360 3209 nata
378 3152 508 3209 tent'
557 3172 611 3208 uuo
630 3150 665 3206 B‘
717 3160 749 3210 17
767 3157 889 3225 philsrarl
902 3159 928 3209 Β
999 3160 1030 3209 19
1051 3161 1122 3212 alle·

150 3233 208 3277 ruit
224 3225 250 3275 B
318 3228 349 3276 21
369 3225 451 3291 quale
470 3225 504 3288 B,
525 3229 576 3290 qua
596 3226 625 3285 P,
644 3224 657 3274 l
676 3226 756 3292 quale
775 3230 835 3281 add.
846 3245 865 3294 p
920 3229 953 3278 23
972 3233 1122 3292 inponerat

150 3294 177 3344 B
236 3296 269 3344 24
288 3293 359 3344 salta
378 3284 530 3359 septima?
598 3296 631 3346 25
649 3295 796 3346 retulimus
809 3294 835 3344 Β
886 3296 919 3346 26
937 3295 1125 3361 hyppocratel

150 3360 401 3426 P‚h1pocratesB
453 3360 554 3412 Sraton
571 3360 598 3410 Β
649 3362 867 3414 2tear1ftmsB
935 3363 1120 3429 *29postd1s-

150 3428 266 3494 pensant
284 3431 333 3480 del.
352 3432 431 3494 gutta
448 3426 551 3496 languit
570 3431 597 3480 in
615 3429 641 3478 Β
702 3431 852 3482 ebdomade
870 3432 902 3496 P,
923 3430 1077 3498 epdomada
1094 3430 1120 3480 B

177 3496 266 3564 gates
278 3488 320 3564 P',
344 3497 423 3568 gdtta
439 3488 475 3550 B'
