<?xml version="1.0" encoding="UTF-8"?>
<!DOCTYPE html PUBLIC "-//W3C//DTD XHTML 1.0 Transitional//EN"
    "http://www.w3.org/TR/xhtml1/DTD/xhtml1-transitional.dtd">
<html xmlns="http://www.w3.org/1999/xhtml" xml:lang="en" lang="en">
 <head>
  <title>
</title>
<meta http-equiv="Content-Type" content="text/html;charset=utf-8" />
  <meta name='ocr-system' content='tesseract 3.04.00' />
  <meta name='ocr-capabilities' content='ocr_page ocr_carea ocr_par ocr_line ocrx_word'/>
</head>
<body>
  <div class='ocr_page' id='page_1' title='image "./macrobivs00macrgoog_0161.png"; bbox 0 0 2362 3878; ppageno 0'>
   <div class='ocr_carea' id='block_1_1' title="bbox 169 184 816 284">
    <p class='ocr_par' dir='ltr' id='par_1_1' title="bbox 169 184 816 284">
     <span class='ocr_line' id='line_1_1' title="bbox 169 184 816 284; baseline -0.008 0"><span class='ocrx_word' id='word_1_1' title='bbox 169 219 230 284; x_wconf 81' lang='grc'><strong>146</strong></span> <span class='ocrx_word' id='word_1_2' title='bbox 588 233 684 281; x_wconf 77' lang='lat' dir='ltr'><strong>amar</strong></span> <span class='ocrx_word' id='word_1_3' title='bbox 706 233 733 280; x_wconf 90' lang='lat'><strong>11</strong></span> <span class='ocrx_word' id='word_1_4' title='bbox 813 184 816 190; x_wconf 26' lang='grc' dir='ltr'>Ι</span> 
     </span>
    </p>
   </div>
   <div class='ocr_carea' id='block_1_2' title="bbox 168 386 1137 727">
    <p class='ocr_par' dir='ltr' id='par_1_2' title="bbox 168 386 1137 727">
     <span class='ocr_line' id='line_1_2' title="bbox 168 386 1137 475; baseline -0.001 -21"><span class='ocrx_word' id='word_1_5' title='bbox 168 389 342 472; x_wconf 85' lang='lat' dir='ltr'><strong>scripserat</strong></span> <span class='ocrx_word' id='word_1_6' title='bbox 364 386 561 471; x_wconf 83' lang='lat' dir='ltr'>eandemque</span> <span class='ocrx_word' id='word_1_7' title='bbox 583 386 668 470; x_wconf 89' lang='lat' dir='ltr'><strong>quod</strong></span> <span class='ocrx_word' id='word_1_8' title='bbox 690 387 753 451; x_wconf 83' lang='lat' dir='ltr'>sibi</span> <span class='ocrx_word' id='word_1_9' title='bbox 775 386 992 475; x_wconf 69' lang='lat' dir='ltr'><strong>displicuisset</strong></span> <span class='ocrx_word' id='word_1_10' title='bbox 1014 388 1137 454; x_wconf 79' lang='lat' dir='ltr'><strong>deleue</strong></span> 
     </span>
     <span class='ocr_line' id='line_1_3' title="bbox 168 469 1135 556; baseline 0 -19"><span class='ocrx_word' id='word_1_11' title='bbox 168 477 229 539; x_wconf 91' lang='lat' dir='ltr'><strong>rat.</strong></span> <span class='ocrx_word' id='word_1_12' title='bbox 275 474 387 556; x_wconf 91' lang='lat' dir='ltr'><strong>postea</strong></span> <span class='ocrx_word' id='word_1_13' title='bbox 409 470 445 536; x_wconf 88' lang='lat' dir='ltr'><strong>L.</strong></span> <span class='ocrx_word' id='word_1_14' title='bbox 461 469 609 536; x_wconf 88' lang='lat' dir='ltr'><strong>Varius</strong></span> <span class='ocrx_word' id='word_1_15' title='bbox 632 471 870 556; x_wconf 86' lang='lat' dir='ltr'><strong>tragoediarum</strong></span> <span class='ocrx_word' id='word_1_16' title='bbox 887 472 1025 556; x_wconf 87' lang='lat' dir='ltr'><strong>scriptor</strong></span> <span class='ocrx_word' id='word_1_17' title='bbox 1039 472 1135 539; x_wconf 87' lang='lat' dir='ltr'><strong>inter·</strong></span> 
     </span>
     <span class='ocr_line' id='line_1_4' title="bbox 168 556 1135 644; baseline 0 -21"><span class='ocrx_word' id='word_1_18' title='bbox 168 559 306 644; x_wconf 87' lang='lat' dir='ltr'><strong>rogabat</strong></span> <span class='ocrx_word' id='word_1_19' title='bbox 340 578 412 621; x_wconf 91' lang='lat' dir='ltr'><strong>eum</strong></span> <span class='ocrx_word' id='word_1_20' title='bbox 446 556 521 640; x_wconf 92' lang='lat' dir='ltr'><strong>quid</strong></span> <span class='ocrx_word' id='word_1_21' title='bbox 550 558 662 641; x_wconf 90' lang='lat' dir='ltr'><strong>ageret</strong></span> <span class='ocrx_word' id='word_1_22' title='bbox 689 556 775 621; x_wconf 86' lang='lat' dir='ltr'><strong>Aiax</strong></span> <span class='ocrx_word' id='word_1_23' title='bbox 807 579 892 622; x_wconf 89' lang='lat' dir='ltr'><strong>suus.</strong></span> <span class='ocrx_word' id='word_1_24' title='bbox 943 561 976 622; x_wconf 91' lang='lat' dir='ltr'><strong>et</strong></span> <span class='ocrx_word' id='word_1_25' title='bbox 1005 557 1062 623; x_wconf 91' lang='lat' dir='ltr'><strong>ille</strong></span> <span class='ocrx_word' id='word_1_26' title='bbox 1096 560 1135 623; x_wconf 87' lang='lat' dir='ltr'><strong>in</strong></span> 
     </span>
     <span class='ocr_line' id='line_1_5' title="bbox 170 640 726 727; baseline -0.004 -19"><span class='ocrx_word' id='word_1_27' title='bbox 170 664 267 727; x_wconf 91' lang='lat' dir='ltr'><strong>spon</strong></span> <span class='ocrx_word' id='word_1_28' title='bbox 302 641 381 706; x_wconf 87' lang='lat' dir='ltr'><strong>iam</strong></span> <span class='ocrx_word' id='word_1_29' title='bbox 401 641 509 725; x_wconf 91' lang='lat' dir='ltr'><strong>inquit</strong></span> <span class='ocrx_word' id='word_1_30' title='bbox 530 640 726 706; x_wconf 89' lang='lat' dir='ltr'><strong>incubuit.</strong></span> 
     </span>
    </p>
   </div>
   <div class='ocr_carea' id='block_1_3' title="bbox 133 663 1168 876">
    <p class='ocr_par' dir='ltr' id='par_1_3' title="bbox 133 663 1168 876">
     <span class='ocr_line' id='line_1_6' title="bbox 133 663 1168 876; baseline 0.001 -84"><span class='ocrx_word' id='word_1_31' title='bbox 133 728 153 792; x_wconf 88' lang='grc'>3</span> <span class='ocrx_word' id='word_1_32' title='bbox 253 663 343 792; x_wconf 77' lang='lat' dir='ltr'><strong>Idem</strong></span> <span class='ocrx_word' id='word_1_33' title='bbox 358 728 525 810; x_wconf 85' lang='lat' dir='ltr'><strong>Augustus</strong></span> <span class='ocrx_word' id='word_1_34' title='bbox 548 747 621 791; x_wconf 84' lang='lat' dir='ltr'><strong>cunr</strong></span> <span class='ocrx_word' id='word_1_35' title='bbox 643 726 673 790; x_wconf 93' lang='lat' dir='ltr'><strong>ei</strong></span> <span class='ocrx_word' id='word_1_36' title='bbox 687 725 818 809; x_wconf 88' lang='lat' dir='ltr'><strong>quidam</strong></span> <span class='ocrx_word' id='word_1_37' title='bbox 831 725 977 791; x_wconf 89' lang='lat' dir='ltr'><strong>libellum</strong></span> <span class='ocrx_word' id='word_1_38' title='bbox 993 728 1133 876; x_wconf 70' lang='lat' dir='ltr'><strong>trepidus</strong></span> <span class='ocrx_word' id='word_1_39' title='bbox 1154 744 1168 785; x_wconf 69' lang='lat' dir='ltr'><strong>o</strong></span> 
     </span>
    </p>
   </div>
   <div class='ocr_carea' id='block_1_4' title="bbox 131 810 1178 3100">
    <p class='ocr_par' dir='ltr' id='par_1_4' title="bbox 167 810 1135 984">
     <span class='ocr_line' id='line_1_7' title="bbox 169 810 1135 896; baseline -0.001 -19"><span class='ocrx_word' id='word_1_40' title='bbox 169 813 297 878; x_wconf 89' lang='lat' dir='ltr'><strong>offerret</strong></span> <span class='ocrx_word' id='word_1_41' title='bbox 320 815 352 876; x_wconf 91' lang='lat' dir='ltr'><strong>et</strong></span> <span class='ocrx_word' id='word_1_42' title='bbox 373 811 467 875; x_wconf 90' lang='lat' dir='ltr'><strong>modo</strong></span> <span class='ocrx_word' id='word_1_43' title='bbox 488 810 649 896; x_wconf 87' lang='lat' dir='ltr'><strong>proferret</strong></span> <span class='ocrx_word' id='word_1_44' title='bbox 676 832 808 875; x_wconf 91' lang='lat' dir='ltr'><strong>manum</strong></span> <span class='ocrx_word' id='word_1_45' title='bbox 835 812 929 876; x_wconf 93' lang='lat' dir='ltr'><strong>modo</strong></span> <span class='ocrx_word' id='word_1_46' title='bbox 957 815 1046 877; x_wconf 84' lang='lat' dir='ltr'><strong>retra</strong></span> <span class='ocrx_word' id='word_1_47' title='bbox 1071 816 1135 878; x_wconf 86' lang='lat' dir='ltr'><strong>eret</strong></span> 
     </span>
     <span class='ocr_line' id='line_1_8' title="bbox 167 894 1010 984; baseline -0.002 -22"><span class='ocrx_word' id='word_1_48' title='bbox 167 902 285 984; x_wconf 81' lang='lat' dir='ltr'><strong>putas</strong></span> <span class='ocrx_word' id='word_1_49' title='bbox 306 896 414 981; x_wconf 87' lang='lat' dir='ltr'><strong>inquit</strong></span> <span class='ocrx_word' id='word_1_50' title='bbox 435 899 473 959; x_wconf 89' lang='lat' dir='ltr'><strong>te</strong></span> <span class='ocrx_word' id='word_1_51' title='bbox 497 917 624 960; x_wconf 83' lang='lat' dir='ltr'><strong>assem</strong></span> <span class='ocrx_word' id='word_1_52' title='bbox 652 894 867 981; x_wconf 88' lang='lat' dir='ltr'><strong>elephanto</strong></span> <span class='ocrx_word' id='word_1_53' title='bbox 890 897 1010 961; x_wconf 80' lang='lat' dir='ltr'><strong>dare?</strong></span> 
     </span>
    </p>

    <p class='ocr_par' dir='ltr' id='par_1_5' title="bbox 131 979 1167 1302">
     <span class='ocr_line' id='line_1_9' title="bbox 131 979 1135 1067; baseline 0 -21"><span class='ocrx_word' id='word_1_54' title='bbox 131 982 153 1046; x_wconf 88' lang='grc'>4</span> <span class='ocrx_word' id='word_1_55' title='bbox 252 981 342 1047; x_wconf 89' lang='lat' dir='ltr'><strong>ldem</strong></span> <span class='ocrx_word' id='word_1_56' title='bbox 358 1002 430 1044; x_wconf 91' lang='lat' dir='ltr'><strong>cum</strong></span> <span class='ocrx_word' id='word_1_57' title='bbox 444 981 485 1044; x_wconf 90' lang='lat' dir='ltr'><strong>ab</strong></span> <span class='ocrx_word' id='word_1_58' title='bbox 501 1001 537 1044; x_wconf 91' lang='lat' dir='ltr'><strong>eo</strong></span> <span class='ocrx_word' id='word_1_59' title='bbox 552 979 751 1045; x_wconf 90' lang='lat' dir='ltr'><strong>Pacuuius</strong></span> <span class='ocrx_word' id='word_1_60' title='bbox 766 981 919 1045; x_wconf 80' lang='lat' dir='ltr'><strong>Taurus</strong></span> <span class='ocrx_word' id='word_1_61' title='bbox 936 982 1135 1067; x_wconf 81' lang='lat' dir='ltr'><strong>congiarium</strong></span> 
     </span>
     <span class='ocr_line' id='line_1_10' title="bbox 168 1063 1134 1152; baseline 0.001 -21"><span class='ocrx_word' id='word_1_62' title='bbox 168 1068 293 1152; x_wconf 84' lang='lat' dir='ltr'><strong>peteret</strong></span> <span class='ocrx_word' id='word_1_63' title='bbox 315 1066 496 1148; x_wconf 71' lang='lat' dir='ltr'><strong>diceretque</strong></span> <span class='ocrx_word' id='word_1_64' title='bbox 511 1064 576 1129; x_wconf 89' lang='lat' dir='ltr'><strong>iarn</strong></span> <span class='ocrx_word' id='word_1_65' title='bbox 591 1064 651 1129; x_wconf 92' lang='lat' dir='ltr'><strong>hoc</strong></span> <span class='ocrx_word' id='word_1_66' title='bbox 665 1063 812 1130; x_wconf 88' lang='lat' dir='ltr'><strong>homines</strong></span> <span class='ocrx_word' id='word_1_67' title='bbox 834 1067 933 1151; x_wconf 87' lang='lat' dir='ltr'><strong>uulgo</strong></span> <span class='ocrx_word' id='word_1_68' title='bbox 948 1066 1048 1151; x_wconf 88' lang='lat' dir='ltr'><strong>loqui,</strong></span> <span class='ocrx_word' id='word_1_69' title='bbox 1071 1089 1134 1132; x_wconf 91' lang='lat' dir='ltr'><strong>non</strong></span> 
     </span>
     <span class='ocr_line' id='line_1_11' title="bbox 169 1149 1167 1236; baseline -0.001 -20"><span class='ocrx_word' id='word_1_70' title='bbox 169 1174 304 1236; x_wconf 86' lang='lat' dir='ltr'><strong>paruam</strong></span> <span class='ocrx_word' id='word_1_71' title='bbox 327 1151 389 1215; x_wconf 88' lang='lat' dir='ltr'><strong>sibi</strong></span> <span class='ocrx_word' id='word_1_72' title='bbox 411 1150 452 1213; x_wconf 87' lang='lat' dir='ltr'><strong>ab</strong></span> <span class='ocrx_word' id='word_1_73' title='bbox 474 1149 529 1213; x_wconf 92' lang='lat' dir='ltr'><strong>illo</strong></span> <span class='ocrx_word' id='word_1_74' title='bbox 551 1151 723 1233; x_wconf 89' lang='lat' dir='ltr'><strong>pecuniam</strong></span> <span class='ocrx_word' id='word_1_75' title='bbox 745 1151 854 1215; x_wconf 87' lang='lat' dir='ltr'><strong>datam</strong></span> <span class='ocrx_word' id='word_1_76' title='bbox 883 1151 944 1216; x_wconf 91' lang='lat' dir='ltr'><strong>sed</strong></span> <span class='ocrx_word' id='word_1_77' title='bbox 965 1155 1009 1216; x_wconf 92' lang='lat' dir='ltr'><strong>tu</strong></span> <span class='ocrx_word' id='word_1_78' title='bbox 1030 1152 1167 1236; x_wconf 81' lang='lat' dir='ltr'><strong>inquito</strong></span> 
     </span>
     <span class='ocr_line' id='line_1_12' title="bbox 168 1235 445 1302; baseline -0.018 0"><span class='ocrx_word' id='word_1_79' title='bbox 168 1236 252 1302; x_wconf 89' lang='lat' dir='ltr'><strong>noli</strong></span> <span class='ocrx_word' id='word_1_80' title='bbox 276 1235 445 1300; x_wconf 90' lang='lat' dir='ltr'><strong>credere.</strong></span> 
     </span>
    </p>

    <p class='ocr_par' dir='ltr' id='par_1_6' title="bbox 132 1318 1170 1828">
     <span class='ocr_line' id='line_1_13' title="bbox 132 1318 1135 1406; baseline -0.001 -21"><span class='ocrx_word' id='word_1_81' title='bbox 132 1322 153 1385; x_wconf 84' lang='lat'>5</span> <span class='ocrx_word' id='word_1_82' title='bbox 253 1320 363 1383; x_wconf 86' lang='lat' dir='ltr'><strong>Alium</strong></span> <span class='ocrx_word' id='word_1_83' title='bbox 376 1318 580 1403; x_wconf 75' lang='lat' dir='ltr'><strong>praefectura</strong></span> <span class='ocrx_word' id='word_1_84' title='bbox 596 1320 739 1403; x_wconf 90' lang='lat' dir='ltr'><strong>equitum</strong></span> <span class='ocrx_word' id='word_1_85' title='bbox 754 1320 937 1384; x_wconf 89' lang='lat' dir='ltr'><strong>submotum</strong></span> <span class='ocrx_word' id='word_1_86' title='bbox 958 1324 992 1385; x_wconf 86' lang='lat' dir='ltr'><strong>et</strong></span> <span class='ocrx_word' id='word_1_87' title='bbox 1005 1322 1135 1406; x_wconf 89' lang='lat' dir='ltr'><strong>insuper</strong></span> 
     </span>
     <span class='ocr_line' id='line_1_14' title="bbox 168 1404 1137 1489; baseline 0.001 -20"><span class='ocrx_word' id='word_1_88' title='bbox 168 1404 320 1469; x_wconf 91' lang='lat' dir='ltr'><strong>salarium</strong></span> <span class='ocrx_word' id='word_1_89' title='bbox 330 1404 549 1487; x_wconf 74' lang='lat' dir='ltr'><strong>postulantem</strong></span> <span class='ocrx_word' id='word_1_90' title='bbox 560 1404 783 1489; x_wconf 88' lang='lat' dir='ltr'><strong>dicentemque</strong></span> <span class='ocrx_word' id='word_1_91' title='bbox 798 1426 876 1469; x_wconf 89' lang='lat' dir='ltr'><strong>non</strong></span> <span class='ocrx_word' id='word_1_92' title='bbox 892 1404 997 1470; x_wconf 92' lang='lat' dir='ltr'><strong>lucri</strong></span> <span class='ocrx_word' id='word_1_93' title='bbox 1019 1428 1137 1489; x_wconf 81' lang='lat' dir='ltr'><strong>causa</strong></span> 
     </span>
     <span class='ocr_line' id='line_1_15' title="bbox 169 1487 1135 1574; baseline 0.003 -22"><span class='ocrx_word' id='word_1_94' title='bbox 169 1488 255 1553; x_wconf 93' lang='lat' dir='ltr'><strong>dari</strong></span> <span class='ocrx_word' id='word_1_95' title='bbox 283 1488 354 1553; x_wconf 94' lang='lat' dir='ltr'><strong>hoc</strong></span> <span class='ocrx_word' id='word_1_96' title='bbox 382 1487 479 1552; x_wconf 92' lang='lat' dir='ltr'><strong>mihi</strong></span> <span class='ocrx_word' id='word_1_97' title='bbox 506 1510 602 1574; x_wconf 88' lang='lat' dir='ltr'><strong>rogo</strong></span> <span class='ocrx_word' id='word_1_98' title='bbox 631 1489 697 1553; x_wconf 87' lang='lat' dir='ltr'><strong>sed</strong></span> <span class='ocrx_word' id='word_1_99' title='bbox 725 1493 768 1554; x_wconf 91' lang='lat' dir='ltr'><strong>ut</strong></span> <span class='ocrx_word' id='word_1_100' title='bbox 789 1490 942 1555; x_wconf 89' lang='lat' dir='ltr'><strong>iudicio</strong></span> <span class='ocrx_word' id='word_1_101' title='bbox 964 1493 1034 1555; x_wconf 89' lang='lat' dir='ltr'><strong>tuo</strong></span> <span class='ocrx_word' id='word_1_102' title='bbox 1056 1512 1135 1555; x_wconf 90' lang='lat' dir='ltr'><strong>mu·</strong></span> 
     </span>
     <span class='ocr_line' id='line_1_16' title="bbox 168 1573 1170 1656; baseline -0.003 -18"><span class='ocrx_word' id='word_1_103' title='bbox 168 1595 241 1638; x_wconf 90' lang='lat' dir='ltr'><strong>nus</strong></span> <span class='ocrx_word' id='word_1_104' title='bbox 269 1573 408 1637; x_wconf 89' lang='lat' dir='ltr'><strong>uidear</strong></span> <span class='ocrx_word' id='word_1_105' title='bbox 435 1574 675 1656; x_wconf 87' lang='lat' dir='ltr'><strong>impetrasse</strong></span> <span class='ocrx_word' id='word_1_106' title='bbox 710 1578 748 1638; x_wconf 91' lang='lat' dir='ltr'><strong>et</strong></span> <span class='ocrx_word' id='word_1_107' title='bbox 775 1574 831 1639; x_wconf 88' lang='lat' dir='ltr'><strong>ita</strong></span> <span class='ocrx_word' id='word_1_108' title='bbox 859 1574 1048 1639; x_wconf 87' lang='lat' dir='ltr'><strong>officium</strong></span> <span class='ocrx_word' id='word_1_109' title='bbox 1075 1575 1170 1639; x_wconf 79' lang='lat' dir='ltr'><strong>de-rs</strong></span> 
     </span>
     <span class='ocr_line' id='line_1_17' title="bbox 169 1658 1136 1745; baseline 0.003 -23"><span class='ocrx_word' id='word_1_110' title='bbox 169 1658 353 1743; x_wconf 90' lang='lat' dir='ltr'><strong>posuisse</strong></span> <span class='ocrx_word' id='word_1_111' title='bbox 374 1658 436 1727; x_wconf 92' lang='lat' dir='ltr'><strong>hoc</strong></span> <span class='ocrx_word' id='word_1_112' title='bbox 458 1659 544 1723; x_wconf 89' lang='lat' dir='ltr'><strong>dicto</strong></span> <span class='ocrx_word' id='word_1_113' title='bbox 567 1659 761 1743; x_wconf 76' lang='lat' dir='ltr'><strong>repercussit</strong></span> <span class='ocrx_word' id='word_1_114' title='bbox 791 1663 834 1724; x_wconf 90' lang='lat' dir='ltr'><strong>tu</strong></span> <span class='ocrx_word' id='word_1_115' title='bbox 859 1661 899 1723; x_wconf 90' lang='lat' dir='ltr'><strong>te</strong></span> <span class='ocrx_word' id='word_1_116' title='bbox 928 1661 1136 1745; x_wconf 87' lang='lat' dir='ltr'><strong>accepisse</strong></span> 
     </span>
     <span class='ocr_line' id='line_1_18' title="bbox 170 1743 1137 1828; baseline 0.003 -22"><span class='ocrx_word' id='word_1_117' title='bbox 170 1743 272 1827; x_wconf 88' lang='lat' dir='ltr'><strong>apud</strong></span> <span class='ocrx_word' id='word_1_118' title='bbox 294 1764 427 1808; x_wconf 91' lang='lat' dir='ltr'><strong>omnes</strong></span> <span class='ocrx_word' id='word_1_119' title='bbox 450 1743 622 1808; x_wconf 87' lang='lat' dir='ltr'><strong>adfirma</strong></span> <span class='ocrx_word' id='word_1_120' title='bbox 644 1747 683 1808; x_wconf 88' lang='lat' dir='ltr'><strong>et</strong></span> <span class='ocrx_word' id='word_1_121' title='bbox 705 1765 776 1828; x_wconf 90' lang='lat' dir='ltr'><strong>ego</strong></span> <span class='ocrx_word' id='word_1_122' title='bbox 799 1744 958 1809; x_wconf 88' lang='lat' dir='ltr'><strong>dedisse</strong></span> <span class='ocrx_word' id='word_1_123' title='bbox 980 1766 1038 1809; x_wconf 92' lang='lat' dir='ltr'><strong>me</strong></span> <span class='ocrx_word' id='word_1_124' title='bbox 1060 1766 1137 1810; x_wconf 89' lang='lat' dir='ltr'><strong>non</strong></span> 
     </span>
    </p>

    <p class='ocr_par' dir='ltr' id='par_1_7' title="bbox 133 1828 1178 2167">
     <span class='ocr_line' id='line_1_19' title="bbox 133 1828 1136 1979; baseline 0.003 -3"><span class='ocrx_word' id='word_1_125' title='bbox 133 1828 429 1977; x_wconf 61' lang='lat' dir='ltr'><strong>dnegl&#39;lidanitas</strong></span> <span class='ocrx_word' id='word_1_126' title='bbox 452 1913 594 1977; x_wconf 90' lang='lat' dir='ltr'><strong>eiusdem</strong></span> <span class='ocrx_word' id='word_1_127' title='bbox 615 1913 710 1977; x_wconf 90' lang='lat' dir='ltr'><strong>innot</strong></span> <span class='ocrx_word' id='word_1_128' title='bbox 735 1913 759 1976; x_wconf 86' lang='lat' dir='ltr'><strong>&#39;t</strong></span> <span class='ocrx_word' id='word_1_129' title='bbox 782 1913 867 1977; x_wconf 90' lang='lat' dir='ltr'><strong>circa</strong></span> <span class='ocrx_word' id='word_1_130' title='bbox 890 1912 1136 1979; x_wconf 86' lang='lat' dir='ltr'><strong>Herennium</strong></span> 
     </span>
     <span class='ocr_line' id='line_1_20' title="bbox 170 1997 1178 2064; baseline -0.002 -2"><span class='ocrx_word' id='word_1_131' title='bbox 170 1998 312 2062; x_wconf 87' lang='lat' dir='ltr'><strong>deditum</strong></span> <span class='ocrx_word' id='word_1_132' title='bbox 335 1997 423 2062; x_wconf 89' lang='lat' dir='ltr'><strong>uitiis</strong></span> <span class='ocrx_word' id='word_1_133' title='bbox 446 1998 605 2062; x_wconf 89' lang='lat' dir='ltr'><strong>iuuenem.</strong></span> <span class='ocrx_word' id='word_1_134' title='bbox 665 2018 739 2062; x_wconf 90' lang='lat' dir='ltr'><strong>uem</strong></span> <span class='ocrx_word' id='word_1_135' title='bbox 763 2019 835 2062; x_wconf 90' lang='lat' dir='ltr'><strong>eum</strong></span> <span class='ocrx_word' id='word_1_136' title='bbox 854 1998 968 2062; x_wconf 88' lang='lat' dir='ltr'><strong>castris</strong></span> <span class='ocrx_word' id='word_1_137' title='bbox 986 1999 1137 2064; x_wconf 88' lang='lat' dir='ltr'><strong>excedere</strong></span> <span class='ocrx_word' id='word_1_138' title='bbox 1148 2019 1178 2060; x_wconf 76' lang='lat' dir='ltr'><strong>ro.</strong></span> 
     </span>
     <span class='ocr_line' id='line_1_21' title="bbox 168 2081 1139 2167; baseline 0.001 -20"><span class='ocrx_word' id='word_1_139' title='bbox 168 2083 315 2147; x_wconf 87' lang='lat' dir='ltr'><strong>iussisset</strong></span> <span class='ocrx_word' id='word_1_140' title='bbox 344 2085 377 2147; x_wconf 90' lang='lat' dir='ltr'><strong>et</strong></span> <span class='ocrx_word' id='word_1_141' title='bbox 403 2082 458 2146; x_wconf 90' lang='lat' dir='ltr'><strong>ille</strong></span> <span class='ocrx_word' id='word_1_142' title='bbox 486 2081 622 2167; x_wconf 83' lang='lat' dir='ltr'><strong>supplex</strong></span> <span class='ocrx_word' id='word_1_143' title='bbox 677 2103 715 2146; x_wconf 87' lang='lat' dir='ltr'><strong>ac</strong></span> <span class='ocrx_word' id='word_1_144' title='bbox 744 2083 966 2166; x_wconf 84' lang='lat' dir='ltr'><strong>deprecatioue</strong></span> <span class='ocrx_word' id='word_1_145' title='bbox 993 2087 1139 2148; x_wconf 86' lang='lat' dir='ltr'><strong>uteretur</strong></span> 
     </span>
    </p>

    <p class='ocr_par' dir='ltr' id='par_1_8' title="bbox 13 2167 1177 3100">
     <span class='ocr_line' id='line_1_22' title="bbox 170 2167 1138 2254; baseline 0.004 -25.302"><span class='ocrx_word' id='word_1_146' title='bbox 170 2168 375 2252; x_wconf 86' lang='lat' dir='ltr'><strong>quomodo</strong></span> <span class='ocrx_word' id='word_1_147' title='bbox 403 2168 450 2231; x_wconf 92' lang='lat' dir='ltr'><strong>ad</strong></span> <span class='ocrx_word' id='word_1_148' title='bbox 471 2167 629 2251; x_wconf 88' lang='lat' dir='ltr'><strong>patrias</strong></span> <span class='ocrx_word' id='word_1_149' title='bbox 658 2167 771 2232; x_wconf 90' lang='lat' dir='ltr'><strong>sedes</strong></span> <span class='ocrx_word' id='word_1_150' title='bbox 800 2167 1009 2233; x_wconf 78' lang='lat' dir='ltr'><strong>reuertar?</strong></span> <span class='ocrx_word' id='word_1_151' title='bbox 1045 2169 1138 2254; x_wconf 90' lang='lat' dir='ltr'><strong>quid</strong></span> 
     </span>
     <span class='ocr_line' id='line_1_23' title="bbox 169 2252 1137 2337; baseline 0.001 -20"><span class='ocrx_word' id='word_1_152' title='bbox 169 2253 279 2337; x_wconf 88' lang='lat' dir='ltr'><strong>patri</strong></span> <span class='ocrx_word' id='word_1_153' title='bbox 307 2273 390 2316; x_wconf 91' lang='lat' dir='ltr'><strong>meo</strong></span> <span class='ocrx_word' id='word_1_154' title='bbox 412 2252 564 2316; x_wconf 81' lang='lat' dir='ltr'><strong>dicam?</strong></span> <span class='ocrx_word' id='word_1_155' title='bbox 591 2252 757 2336; x_wconf 87' lang='lat' dir='ltr'><strong>respondit</strong></span> <span class='ocrx_word' id='word_1_156' title='bbox 785 2253 846 2317; x_wconf 91' lang='lat' dir='ltr'><strong>dic</strong></span> <span class='ocrx_word' id='word_1_157' title='bbox 873 2274 931 2317; x_wconf 91' lang='lat' dir='ltr'><strong>me</strong></span> <span class='ocrx_word' id='word_1_158' title='bbox 952 2253 1031 2318; x_wconf 93' lang='lat' dir='ltr'><strong>tibi</strong></span> <span class='ocrx_word' id='word_1_159' title='bbox 1061 2254 1137 2318; x_wconf 91' lang='lat' dir='ltr'><strong>dis·</strong></span> 
     </span>
     <span class='ocr_line' id='line_1_24' title="bbox 197 2337 1085 2401; baseline -0.001 -1"><span class='ocrx_word' id='word_1_160' title='bbox 197 2337 374 2401; x_wconf 91' lang='lat' dir='ltr'><strong>licuisse.</strong></span> <span class='ocrx_word' id='word_1_161' title='bbox 1082 2354 1085 2361; x_wconf 82' lang='lat'>·</span> 
     </span>
     <span class='ocr_line' id='line_1_25' title="bbox 134 2360 1175 2505; baseline 0.003 -19"><span class='ocrx_word' id='word_1_162' title='bbox 134 2360 191 2486; x_wconf 74' lang='lat' dir='ltr'><strong>lp</strong></span> <span class='ocrx_word' id='word_1_163' title='bbox 254 2419 337 2486; x_wconf 82' lang='lat' dir='ltr'><strong>Saxo</strong></span> <span class='ocrx_word' id='word_1_164' title='bbox 359 2420 395 2483; x_wconf 92' lang='lat' dir='ltr'><strong>in</strong></span> <span class='ocrx_word' id='word_1_165' title='bbox 410 2419 613 2504; x_wconf 79' lang='lat' dir='ltr'><strong>expeditione</strong></span> <span class='ocrx_word' id='word_1_166' title='bbox 635 2442 819 2505; x_wconf 90' lang='lat' dir='ltr'><strong>percussum</strong></span> <span class='ocrx_word' id='word_1_167' title='bbox 843 2443 880 2487; x_wconf 91' lang='lat' dir='ltr'><strong>ac</strong></span> <span class='ocrx_word' id='word_1_168' title='bbox 894 2422 1033 2487; x_wconf 85' lang='lat' dir='ltr'><strong>notabili</strong></span> <span class='ocrx_word' id='word_1_169' title='bbox 1056 2423 1175 2489; x_wconf 78' lang='lat' dir='ltr'><strong>cicc-25</strong></span> 
     </span>
     <span class='ocr_line' id='line_1_26' title="bbox 169 2503 1139 2592; baseline 0.002 -22"><span class='ocrx_word' id='word_1_170' title='bbox 169 2505 249 2570; x_wconf 87' lang='lat' dir='ltr'><strong>trice</strong></span> <span class='ocrx_word' id='word_1_171' title='bbox 270 2505 306 2568; x_wconf 91' lang='lat' dir='ltr'><strong>in</strong></span> <span class='ocrx_word' id='word_1_172' title='bbox 327 2504 435 2569; x_wconf 88' lang='lat' dir='ltr'><strong>fronte</strong></span> <span class='ocrx_word' id='word_1_173' title='bbox 458 2503 642 2590; x_wconf 85' lang='lat' dir='ltr'><strong>deformem,</strong></span> <span class='ocrx_word' id='word_1_174' title='bbox 665 2506 801 2570; x_wconf 90' lang='lat' dir='ltr'><strong>nimium</strong></span> <span class='ocrx_word' id='word_1_175' title='bbox 823 2510 933 2572; x_wconf 86' lang='lat' dir='ltr'><strong>tamen</strong></span> <span class='ocrx_word' id='word_1_176' title='bbox 960 2529 1018 2572; x_wconf 86' lang='lat' dir='ltr'><strong>sua</strong></span> <span class='ocrx_word' id='word_1_177' title='bbox 1040 2528 1139 2592; x_wconf 86' lang='lat' dir='ltr'><strong>opera</strong></span> 
     </span>
     <span class='ocr_line' id='line_1_27' title="bbox 169 2588 1138 2690; baseline 0.004 -37"><span class='ocrx_word' id='word_1_178' title='bbox 169 2591 346 2688; x_wconf 74' lang='lat' dir='ltr'><strong>iactantem</strong></span> <span class='ocrx_word' id='word_1_179' title='bbox 368 2589 414 2653; x_wconf 90' lang='lat' dir='ltr'><strong>sic</strong></span> <span class='ocrx_word' id='word_1_180' title='bbox 436 2588 553 2654; x_wconf 87' lang='lat' dir='ltr'><strong>leniter</strong></span> <span class='ocrx_word' id='word_1_181' title='bbox 574 2591 749 2676; x_wconf 88' lang='lat' dir='ltr'><strong>castigauit</strong></span> <span class='ocrx_word' id='word_1_182' title='bbox 771 2596 810 2656; x_wconf 87' lang='lat' dir='ltr'><strong>at</strong></span> <span class='ocrx_word' id='word_1_183' title='bbox 831 2595 874 2656; x_wconf 91' lang='lat' dir='ltr'><strong>tu</strong></span> <span class='ocrx_word' id='word_1_184' title='bbox 896 2613 980 2690; x_wconf 81' lang='lat' dir='ltr'><strong>cum</strong></span> <span class='ocrx_word' id='word_1_185' title='bbox 1002 2591 1138 2678; x_wconf 80' lang='lat' dir='ltr'><strong>fugies</strong></span> 
     </span>
     <span class='ocr_line' id='line_1_28' title="bbox 134 2677 1139 2847; baseline -0.001 -21"><span class='ocrx_word' id='word_1_186' title='bbox 134 2677 284 2826; x_wconf 71' lang='lat' dir='ltr'><strong>quull</strong></span> <span class='ocrx_word' id='word_1_187' title='bbox 291 2695 414 2822; x_wconf 55' lang='lat' dir='ltr'><strong>dllldld</strong></span> <span class='ocrx_word' id='word_1_188' title='bbox 421 2696 515 2824; x_wconf 68' lang='lat' dir='ltr'><strong>ldeditis</strong></span> <span class='ocrx_word' id='word_1_189' title='bbox 530 2678 873 2844; x_wconf 60' lang='lat' dir='ltr'><strong>didideegddddeerxad</strong></span> <span class='ocrx_word' id='word_1_190' title='bbox 880 2698 1007 2846; x_wconf 66' lang='lat' dir='ltr'><strong>tdipus,</strong></span> <span class='ocrx_word' id='word_1_191' title='bbox 1024 2762 1139 2847; x_wconf 87' lang='lat' dir='ltr'><strong>agenti</strong></span> 
     </span>
     <span class='ocr_line' id='line_1_29' title="bbox 170 2843 1177 2932; baseline 0 -25"><span class='ocrx_word' id='word_1_192' title='bbox 170 2844 256 2927; x_wconf 87' lang='lat' dir='ltr'><strong>apud</strong></span> <span class='ocrx_word' id='word_1_193' title='bbox 283 2865 316 2909; x_wconf 89' lang='lat' dir='ltr'><strong>se</strong></span> <span class='ocrx_word' id='word_1_194' title='bbox 339 2864 469 2908; x_wconf 91' lang='lat' dir='ltr'><strong>causam</strong></span> <span class='ocrx_word' id='word_1_195' title='bbox 496 2848 529 2908; x_wconf 91' lang='lat' dir='ltr'><strong>et</strong></span> <span class='ocrx_word' id='word_1_196' title='bbox 549 2843 734 2928; x_wconf 88' lang='lat' dir='ltr'><strong>frequenter</strong></span> <span class='ocrx_word' id='word_1_197' title='bbox 756 2845 876 2910; x_wconf 88' lang='lat' dir='ltr'><strong>dicenti</strong></span> <span class='ocrx_word' id='word_1_198' title='bbox 905 2846 1069 2932; x_wconf 89' lang='lat' dir='ltr'><strong>corrige</strong></span> <span class='ocrx_word' id='word_1_199' title='bbox 1096 2846 1138 2911; x_wconf 88' lang='lat' dir='ltr'><strong>in</strong></span> <span class='ocrx_word' id='word_1_200' title='bbox 1151 2865 1177 2906; x_wconf 85' lang='lat' dir='ltr'><strong>so</strong></span> 
     </span>
     <span class='ocr_line' id='line_1_30' title="bbox 169 2928 1138 3016; baseline 0.004 -25"><span class='ocrx_word' id='word_1_201' title='bbox 169 2950 226 2992; x_wconf 93' lang='lat' dir='ltr'><strong>me</strong></span> <span class='ocrx_word' id='word_1_202' title='bbox 254 2928 386 3012; x_wconf 92' lang='lat' dir='ltr'><strong>siquid</strong></span> <span class='ocrx_word' id='word_1_203' title='bbox 412 2928 678 3013; x_wconf 89' lang='lat' dir='ltr'><strong>reprehendis</strong></span> <span class='ocrx_word' id='word_1_204' title='bbox 705 2930 872 3015; x_wconf 86' lang='lat' dir='ltr'><strong>respondit</strong></span> <span class='ocrx_word' id='word_1_205' title='bbox 899 2951 972 3016; x_wconf 92' lang='lat' dir='ltr'><strong>ego</strong></span> <span class='ocrx_word' id='word_1_206' title='bbox 999 2934 1038 2996; x_wconf 87' lang='lat' dir='ltr'><strong>te</strong></span> <span class='ocrx_word' id='word_1_207' title='bbox 1060 2950 1138 2995; x_wconf 90' lang='lat' dir='ltr'><strong>mo-</strong></span> 
     </span>
     <span class='ocr_line' id='line_1_31' title="bbox 169 3013 978 3100; baseline 0.002 -24"><span class='ocrx_word' id='word_1_208' title='bbox 169 3033 264 3076; x_wconf 90' lang='lat' dir='ltr'><strong>nere</strong></span> <span class='ocrx_word' id='word_1_209' title='bbox 286 3032 458 3097; x_wconf 87' lang='lat' dir='ltr'><strong>possum,</strong></span> <span class='ocrx_word' id='word_1_210' title='bbox 484 3013 688 3099; x_wconf 89' lang='lat' dir='ltr'><strong>corrigere</strong></span> <span class='ocrx_word' id='word_1_211' title='bbox 709 3036 790 3079; x_wconf 89' lang='lat' dir='ltr'><strong>non</strong></span> <span class='ocrx_word' id='word_1_212' title='bbox 811 3036 978 3100; x_wconf 89' lang='lat' dir='ltr'><strong>possum.</strong></span> 
     </span>
    </p>
   </div>
   <div class='ocr_carea' id='block_1_5' title="bbox 157 3195 1144 3600">
    <p class='ocr_par' dir='ltr' id='par_1_9' title="bbox 157 3195 1144 3600">
     <span class='ocr_line' id='line_1_32' title="bbox 239 3195 1144 3271; baseline 0.006 -22"><span class='ocrx_word' id='word_1_213' title='bbox 239 3200 417 3252; x_wconf 82' lang='lat' dir='ltr'><strong>ldelauerat</strong></span> <span class='ocrx_word' id='word_1_214' title='bbox 434 3195 467 3251; x_wconf 88' lang='lat' dir='ltr'><strong>B&#39;</strong></span> <span class='ocrx_word' id='word_1_215' title='bbox 544 3205 559 3252; x_wconf 99' lang='grc'>2</span> <span class='ocrx_word' id='word_1_216' title='bbox 586 3203 619 3254; x_wconf 90' lang='lat' dir='ltr'><strong>L.</strong></span> <span class='ocrx_word' id='word_1_217' title='bbox 637 3203 736 3255; x_wconf 84' lang='lat' dir='ltr'><strong>Varius</strong></span> <span class='ocrx_word' id='word_1_218' title='bbox 759 3204 904 3255; x_wconf 76' lang='lat' dir='ltr'><strong>Pantanusr</strong></span> <span class='ocrx_word' id='word_1_219' title='bbox 931 3204 1023 3255; x_wconf 83' lang='lat' dir='ltr'><strong>lucius</strong></span> <span class='ocrx_word' id='word_1_220' title='bbox 1047 3204 1144 3271; x_wconf 55' lang='lat' dir='ltr'><strong>merus</strong></span> 
     </span>
     <span class='ocr_line' id='line_1_33' title="bbox 169 3263 1139 3337; baseline 0.006 -21"><span class='ocrx_word' id='word_1_221' title='bbox 169 3266 221 3316; x_wconf 93' lang='lat' dir='ltr'><strong>BP</strong></span> <span class='ocrx_word' id='word_1_222' title='bbox 287 3269 493 3334; x_wconf 81' lang='lat' dir='ltr'><strong>traguedrcrum</strong></span> <span class='ocrx_word' id='word_1_223' title='bbox 511 3270 571 3332; x_wconf 75' lang='lat' dir='ltr'><strong>B,</strong></span> <span class='ocrx_word' id='word_1_224' title='bbox 606 3271 711 3336; x_wconf 88' lang='lat' dir='ltr'><strong>3quod</strong></span> <span class='ocrx_word' id='word_1_225' title='bbox 728 3263 763 3320; x_wconf 87' lang='lat' dir='ltr'><strong>B&#39;</strong></span> <span class='ocrx_word' id='word_1_226' title='bbox 831 3270 948 3337; x_wconf 75' lang='lat' dir='ltr'><strong>oqurdd</strong></span> <span class='ocrx_word' id='word_1_227' title='bbox 964 3272 1048 3325; x_wconf 84' lang='lat' dir='ltr'><strong>cm.P</strong></span> <span class='ocrx_word' id='word_1_228' title='bbox 1122 3274 1139 3322; x_wconf 78' lang='grc' dir='ltr'><strong>’Ζ</strong></span> 
     </span>
     <span class='ocr_line' id='line_1_34' title="bbox 171 3335 1139 3406; baseline 0.007 -21"><span class='ocrx_word' id='word_1_229' title='bbox 171 3335 294 3387; x_wconf 84' lang='lat' dir='ltr'><strong>elefanto</strong></span> <span class='ocrx_word' id='word_1_230' title='bbox 312 3337 338 3385; x_wconf 93' lang='lat' dir='ltr'><strong><em>P</em></strong></span> <span class='ocrx_word' id='word_1_231' title='bbox 404 3339 420 3387; x_wconf 87' lang='lat'>8</span> <span class='ocrx_word' id='word_1_232' title='bbox 437 3338 577 3390; x_wconf 86' lang='lat' dir='ltr'><strong>Pacuuius</strong></span> <span class='ocrx_word' id='word_1_233' title='bbox 595 3338 808 3404; x_wconf 72' lang='lat' dir='ltr'><strong>Saltcburpenric:</strong></span> <span class='ocrx_word' id='word_1_234' title='bbox 827 3339 964 3406; x_wconf 83' lang='lat' dir='ltr'><strong>pacubrus</strong></span> <span class='ocrx_word' id='word_1_235' title='bbox 977 3340 1012 3406; x_wconf 83' lang='lat' dir='ltr'><strong>B,</strong></span> <span class='ocrx_word' id='word_1_236' title='bbox 1051 3340 1139 3392; x_wconf 77' lang='lat' dir='ltr'><strong>schu-</strong></span> 
     </span>
     <span class='ocr_line' id='line_1_35' title="bbox 168 3357 1139 3475; baseline 0.006 -23"><span class='ocrx_word' id='word_1_237' title='bbox 168 3403 233 3454; x_wconf 81' lang='lat' dir='ltr'><strong>bruf</strong></span> <span class='ocrx_word' id='word_1_238' title='bbox 246 3403 271 3452; x_wconf 93' lang='lat' dir='ltr'><em>P</em></span> <span class='ocrx_word' id='word_1_239' title='bbox 321 3418 482 3469; x_wconf 81' lang='lat' dir='ltr'><strong>congramm</strong></span> <span class='ocrx_word' id='word_1_240' title='bbox 493 3398 527 3456; x_wconf 89' lang='lat' dir='ltr'><strong>B&#39;</strong></span> <span class='ocrx_word' id='word_1_241' title='bbox 596 3408 627 3457; x_wconf 91' lang='grc'><strong>12</strong></span> <span class='ocrx_word' id='word_1_242' title='bbox 645 3406 808 3474; x_wconf 73' lang='lat' dir='ltr'><strong>pfectuer</strong></span> <span class='ocrx_word' id='word_1_243' title='bbox 875 3410 908 3459; x_wconf 88' lang='grc'><strong>16</strong></span> <span class='ocrx_word' id='word_1_244' title='bbox 925 3411 1008 3462; x_wconf 66' lang='lat' dir='ltr'><strong>tute*</strong></span> <span class='ocrx_word' id='word_1_245' title='bbox 1027 3357 1139 3475; x_wconf 52' lang='lat' dir='ltr'><strong>brinul</strong></span> 
     </span>
     <span class='ocr_line' id='line_1_36' title="bbox 167 3470 1139 3542; baseline 0.007 -22"><span class='ocrx_word' id='word_1_246' title='bbox 167 3470 195 3520; x_wconf 94' lang='lat' dir='ltr'><em>B</em></span> <span class='ocrx_word' id='word_1_247' title='bbox 264 3474 296 3523; x_wconf 80' lang='lat'><strong>17</strong></span> <span class='ocrx_word' id='word_1_248' title='bbox 315 3470 423 3523; x_wconf 80' lang='lat' dir='ltr'><strong>affirma</strong></span> <span class='ocrx_word' id='word_1_249' title='bbox 441 3474 466 3523; x_wconf 89' lang='lat' dir='ltr'><em>P</em></span> <span class='ocrx_word' id='word_1_250' title='bbox 549 3476 582 3525; x_wconf 90' lang='grc'><strong>20</strong></span> <span class='ocrx_word' id='word_1_251' title='bbox 600 3474 765 3526; x_wconf 77' lang='lat' dir='ltr'><strong>secederet</strong></span> <span class='ocrx_word' id='word_1_252' title='bbox 845 3477 877 3527; x_wconf 86' lang='grc'><strong>21</strong></span> <span class='ocrx_word' id='word_1_253' title='bbox 897 3474 1036 3542; x_wconf 84' lang='lat' dir='ltr'><strong>suplexB</strong></span> <span class='ocrx_word' id='word_1_254' title='bbox 1103 3478 1139 3527; x_wconf 85' lang='grc'><strong>29</strong></span> 
     </span>
     <span class='ocr_line' id='line_1_37' title="bbox 157 3538 563 3600; baseline 0.022 -14"><span class='ocrx_word' id='word_1_255' title='bbox 157 3538 258 3600; x_wconf 71' lang='lat' dir='ltr'><strong>gyhho</strong></span> <span class='ocrx_word' id='word_1_256' title='bbox 275 3538 307 3588; x_wconf 79' lang='lat' dir='ltr'><em>B</em></span> <span class='ocrx_word' id='word_1_257' title='bbox 372 3541 563 3595; x_wconf 72' lang='lat' dir='ltr'><strong>cornone</strong></span> 
     </span>
    </p>
   </div>
   <div class='ocr_carea' id='block_1_6' title="bbox 0 0 1186 3878">
    <p class='ocr_par' dir='ltr' id='par_1_10' title="bbox 0 0 1186 3878">
     <span class='ocr_line' id='line_1_38' title="bbox 0 0 1186 3878; baseline 0 0"><span class='ocrx_word' id='word_1_258' title='bbox 0 0 1186 3878; x_wconf 95' lang='lat' dir='ltr'><strong> </strong></span> 
     </span>
    </p>
   </div>
  </div>
 </body>
</html>
