2362 3878
147 177 213 242 424
555 192 651 239 meni
674 193 724 241 vu

149 349 296 428 roscunt,
325 346 457 409 robuste
484 345 596 410 serius.
647 345 703 410 sed
730 345 758 411 si
790 346 839 410 uis
867 346 1058 431 intellegere
1084 350 1117 412 in

150 431 392 518 generationem
420 450 498 493 uere
525 430 650 495 ratione
680 430 811 512 caloris,
845 431 1011 495 considera
1033 432 1117 496 uiros

149 517 247 602 longe
269 515 389 580 diutius
411 536 617 598 perseuerare
638 514 674 579 in
696 515 881 599 generando
896 538 992 600 quom
1007 517 1117 581 mulie-

148 624 200 667 res
221 601 256 665 in
278 599 449 685 periendo,
478 603 511 664 et
532 600 593 665 hoe
618 600 680 665 tibi
702 601 745 664 sit
765 600 948 665 indubitate
970 602 1118 685 probatio

148 689 184 751 in
211 688 347 770 utroque
376 707 454 749 sexu
481 685 533 749 uel
560 685 693 770 frigoris
719 685 772 749 uel
801 685 925 750 caloris.
969 708 1045 750 narn
1066 687 1145 749 uisr

150 771 262 837 eadem
286 771 323 835 in
343 770 511 854 frigidiore
535 764 666 853 corpere
689 770 822 834 celerius
851 771 1065 855 extinguitur,
1082 772 1117 834 in

99 857 140 921 12
150 855 299 921 calidiore
320 855 439 920 diutius
461 857 656 938 perseuerat.
702 855 787 939 quod
807 855 912 940 frigus
935 856 1016 919 aeris
1039 855 1118 919 tole-

147 941 281 1007 rabilius
308 941 387 1006 uiris
408 940 535 1022 ferunt,
562 939 727 1005 fecithoc
749 961 841 1004 suum
863 940 983 1024 trigue,
1007 940 1117 1005 simili-

148 1027 208 1091 bus
236 1025 323 1092 enim
350 1024 467 1089 similia
494 1025 648 1110 gaudent.
699 1025 770 1089 ideo
799 1046 840 1088 ne
868 1046 982 1108 corpus
1007 1047 1118 1089 earum

146 1111 251 1196 frigus
273 1112 412 1193 horreat,
435 1109 515 1175 facit
537 1109 732 1175 consuetudo
753 1112 886 1175 naturae
908 1132 1002 1192 quam
1025 1110 1117 1174 sorti-
1131 1129 1158 1170 ro

147 1200 200 1260 tue
223 1199 299 1260 sunt
319 1195 362 1259 fri
389 1195 530 1258 'diorem

98 1280 138 1346 13
233 1279 296 1346 sed
317 1279 356 1345 de
402 1280 429 1343 is
451 1278 573 1363 singuli
594 1282 631 1345 ut
651 1279 763 1344 uolent
777 1278 929 1343 iudicent.
959 1300 1019 1362 ego
1041 1300 1118 1342 uero

148 1365 188 1429 cd
215 1367 334 1430 sortem
361 1364 458 1429 uenio
486 1364 687 1446 consulendi,
717 1367 751 1428 et
772 1363 856 1447 quod
878 1363 960 1428 scitu
983 1364 1118 1447 dignum

149 1449 293 1531 aestimo,
317 1449 358 1513 ab
380 1448 491 1513 eodem
511 1447 638 1514 Diserio
659 1470 778 1532 quaero
801 1447 934 1513 etmihi
955 1470 1055 1531 usque
1078 1449 1118 1511 ad

149 1533 299 1597 effectum
326 1533 462 1597 nimium
489 1533 592 1599 amico
619 1536 653 1596 et
680 1554 752 1599 cum
779 1533 815 1596 in
843 1534 957 1598 ceteris
984 1535 1054 1596 tum
1082 1534 1118 1596 in
1132 1551 1159 1590 15

98 1616 198 1682 14his
221 1619 341 1702 optime
364 1617 468 1683 docto,
497 1639 602 1701 nuper
622 1617 658 1682 in
673 1617 854 1683 Tusculano
876 1639 947 1682 meo
968 1617 1027 1699 fui,
1046 1639 1118 1681 cum

147 1702 358 1767 uindemieles
379 1702 506 1767 fructus
527 1724 586 1786 pro
609 1725 717 1769 annue
741 1703 957 1767 sollemnitate
972 1703 1117 1785 legeren-

147 1791 210 1853 tur.
262 1791 331 1852 eret
357 1788 465 1852 uidere
493 1787 668 1871 permixtos
695 1787 824 1852 rusticis
851 1809 959 1851 seruos
988 1787 1118 1851 haurire

146 1872 260 1936 uelde
283 1873 568 1957 expressouelde
596 1875 711 1957 sponte
740 1872 860 1937 fluente
886 1875 1029 1936 mustum
1056 1894 1118 1935 nee

147 1960 258 2023 tamen
280 1959 436 2023 ebrietate
458 1957 541 2041 capi.
576 1958 660 2041 quod
680 1957 802 2021 inillis
825 1957 997 2040 praecipue
1019 1956 1118 2020 admi-
1131 1974 1158 2014 ro

146 2043 256 2127 robor,
286 2065 365 2126 quos
392 2042 515 2128 impelli
543 2043 583 2107 cd
611 2042 773 2107 insaniem
794 2063 895 2125 paruo
922 2041 1000 2105 uino
1022 2063 1118 2105 noue-

147 2149 225 2277 land
275 2149 403 2277 qliaelof
421 2149 502 2276 quesse
530 2127 679 2275 rlfiomle
706 2129 813 2274 rppsto
841 2126 1032 2190 ebrietatem
1062 2131 1120 2190 aut

164 2235 273 2277 erem
319 2235 366 2277 err
403 2234 473 2277 ocra
510 2234 551 2275 au
587 2235 610 2277 n
659 2234 711 2276 am

98 2297 138 2361 15
231 2298 284 2362 Ad
316 2297 395 2363 haec
422 2296 570 2363 Disorius
601 2302 706 2361 ‘omne
739 2295 823 2379 quod
856 2295 947 2359 dulce
976 2298 1025 2359 est
1053 2296 1117 2361 cito

147 2383 247 2446 satiat
273 2403 335 2448 nec
363 2382 549 2447 diuturnam
576 2380 725 2445 desiderii
752 2380 802 2445 sui
828 2381 924 2445 fidem
949 2383 1040 2444 tenet
1062 2380 1118 2444 sed
1131 2396 1158 2436 2⁵

146 2466 182 2531 in
203 2466 309 2533 locum
331 2466 488 2531 satietatis
511 2465 654 2530 succedit
674 2465 797 2531 horror.
832 2465 867 2529 in
882 2468 988 2529 musto
1010 2467 1119 2529 antem

147 2551 215 2615 solo
242 2550 375 2615 dulcedo
403 2553 467 2633 est,
497 2550 641 2615 suauitas
668 2549 768 2614 nulla.
812 2572 889 2613 nam
910 2550 1023 2614 uinum
1046 2572 1117 2613 cum

146 2635 182 2698 in
209 2634 353 2699 infantia
381 2637 446 2717 est,
475 2633 577 2717 dulce,
603 2656 674 2701 cum
702 2634 866 2718 pubescit,
890 2636 995 2718 magis
1020 2656 1117 2698 suune

97 2719 137 2783 16
168 2739 241 2783 uam
267 2719 359 2789 dulce
387 2721 446 2783 est.
492 2739 561 2785 esse
583 2722 691 2783 eutem
712 2718 827 2784 horum
849 2720 983 2783 duenrm
1011 2741 1119 2785 rerum

171 2803 337 2869 ‘stantiam
360 2806 446 2869 certe
467 2802 627 2869 Homerus
649 2804 743 2869 testis
765 2804 891 2888 estqui
913 2804 960 2868 eit
988 2830 990 2834 ·
1131 2820 1158 2861 30

322 2904 430 2988 μέλιτι
451 2909 608 2991 γλυκερῷ
631 2907 688 2970 καὶ
709 2903 785 2990 ἡδέι
807 2910 901 2991 οἴνῳ.

147 3044 352 3055 ——.

215 3113 246 3161 31
267 3109 316 3160 Od.
335 3125 352 3163 u
371 3113 403 3163 69

213 3283 343 3348 9ἠεοΡ
419 3301 452 3348 14
470 3289 621 3364 estemoP'
691 3299 827 3349 15n1m11'1
848 3314 894 3350 om.
914 3288 947 3345 P'
1017 3295 1118 3346 17s01-

145 3365 281 3430 lepnrtate
300 3367 326 3417 P
392 3368 424 3416 21
444 3381 534 3431 parus
551 3357 583 3415 fl
593 3418 599 3439 Ι
651 3367 685 3416 30
702 3365 832 3416 distantre
846 3371 956 3430 praeter
974 3363 1002 3411 dr
1019 3366 1046 3412 in
1063 3380 1118 3414 rue.

135 3434 239 3551 jpsd'lk
254 3432 410 3552 phomerul‘
427 3427 460 3483 P'
545 3435 577 3484 31
602 3429 768 3534 memrot
790 3430 938 3499 (sequuntur
958 3429 1071 3495 ΚΕΡωΙ)
1091 3434 1118 3481 io
