2362 3878
394 194 445 259 111,
462 185 581 240 12-16.
604 185 762 257 1111,1—4
999 174 1063 241 585

93 351 194 428 mate,
229 349 262 410 et
288 345 335 408 ita
365 343 535 429 prouenire
571 345 762 408 concentum
800 343 888 409 cuius
915 345 999 412 ratio
1026 346 1062 410 in

93 430 275 496 substantia
297 430 422 494 animae
445 431 596 494 contexta
610 428 772 493 mundano
787 449 910 513 qnoque
925 431 1060 513 corpori,

94 514 178 600 quod
201 515 242 578 ab
265 515 373 579 anima
394 517 549 596 mouetur,
571 513 694 578 inserta
716 521 775 578 est.
819 512 905 577 unde
920 534 959 577 ex
974 515 1061 580 omni
1072 513 1111 578 16

93 603 187 684 parte
214 600 309 664 docta
339 603 373 663 et
398 599 543 682 perfecta
571 600 621 662 est
648 597 811 663 Ciceronis
839 597 978 662 adsertio
1007 601 1062 683 qui

68 683 327 749 sinteruallis
355 683 575 767 imparibus
609 681 676 747 sed
707 685 846 747 tamen.
871 703 941 765 pro
974 687 1062 748 rata

94 772 209 854 parte
230 768 388 832 ratione
410 767 621 832 distinctis
644 766 815 832 caelestem
842 786 956 831 sonum
984 767 1063 831 dicit

95 875 163 918 esse
186 852 391 917 disiunctum.

158 1021 254 1087 Nunc
276 1021 364 1085 locus
387 1020 537 1085 admonet
557 1024 594 1085 ut
615 1020 654 1085 de
669 1020 831 1106 grauitate
843 1023 877 1084 et
891 1017 1114 1085 acumineIIH

95 1127 244 1170 sonorum
271 1105 475 1171 diuersitates
508 1127 586 1189 quas
615 1105 734 1170 adserit
760 1104 973 1170 reuoluamus.
1024 1109 1064 1170 et

57 1194 242 1255 1onatura
262 1192 343 1255 fert
363 1193 406 1254 ut
428 1193 604 1254 extrema
624 1211 669 1253 ex
691 1189 820 1254 altera
842 1192 956 1274 parte
979 1211 1061 1274 gra·

94 1277 216 1359 niter,
240 1297 284 1339 ex
306 1274 436 1339 altera
464 1277 593 1359 antem
622 1277 736 1339 acute
765 1276 917 1339 sonent.
950 1295 1063 1358 quam

95 1360 141 1424 ob
164 1381 321 1424 causam
348 1380 517 1423 summus
544 1357 617 1422 ille
644 1358 746 1423 caeli
774 1358 954 1423 stellifer
976 1380 1061 1423 our-

95 1465 174 1527 sns,
198 1444 309 1508 ouius
332 1443 541 1508 conuersio
563 1445 624 1508 est
652 1443 917 1526 concitatior,
947 1446 1061 1508 acute

96 1529 273 1592 excitato
306 1530 485 1592 mouetur
518 1549 628 1611 sono,
661 1527 901 1613 grauissimo
933 1531 1061 1593 antem

57 1613 159 1689 rshjc
181 1612 334 1676 lunaris
357 1615 477 1697 atqua
499 1611 676 1677 infimus.
705 1612 859 1677 ,diximus
887 1609 1098 1697 numquam2

94 1718 207 1761 sonum
229 1697 299 1761 fieri
320 1697 383 1760 nisi
405 1718 478 1761 aere
499 1717 659 1781 percusso.
704 1700 741 1761 ut
755 1699 863 1760 autem
876 1718 972 1761 sonus
993 1698 1063 1780 ipse

95 1785 151 1846 aut
172 1783 295 1846 acutior
317 1785 374 1845 aut
394 1781 524 1867 grauior
545 1781 741 1865 proferatur,
768 1781 852 1843 ictus
866 1834 868 1838 .
880 1780 981 1844 efficit
1008 1780 1063 1865 qni

95 1866 170 1928 dum
190 1866 308 1949 ingens
330 1869 363 1929 et
385 1866 468 1930 celer
489 1865 605 1929 incidit
626 1867 756 1928 acutum
777 1885 891 1928 sonum
905 1866 1060 1947 praestat,

96 1950 123 2013 si
149 1949 271 2012 tardior
298 1949 471 2029 lentiorue,
506 1947 697 2030 grauiorem.
740 1947 860 2016 indicio
888 1951 938 2012 est
969 1945 1099 2033 uirga3

56 2053 177 2119 acquae
200 2033 275 2096 dum
298 2048 392 2095 auras
413 2032 555 2116 percutit
569 2031 597 2095 si
610 2031 741 2115 inpulsu
757 2032 821 2096 cito
835 2031 933 2096 feriat
948 2053 1062 2097 sonum

96 2118 198 2199 acuit,
228 2117 255 2180 si
283 2115 435 2198 lentiore,
464 2117 500 2179 in
567 2115 658 2180 auius
679 2115 806 2201 frangit
827 2115 982 2180 anditum.
1026 2119 1062 2180 in

95 2201 211 2265 fidibus
233 2221 356 2285 quoque
378 2200 463 2264 idem
489 2199 522 2264 ui
545 2221 632 2264 emus
661 2221 742 2284 quae
764 2201 923 2276 sitreotn
943 2200 1062 2266 artiore

94 2285 288 2368 tenduntur,
312 2288 405 2349 acute
427 2288 560 2367 sonant,
590 2285 720 2369 grauius
741 2284 888 2350 laxiores.
933 2306 1010 2370 ergo
1032 2285 1102 2349 et4

96 2372 273 2454 superiores
301 2370 393 2434 orbes
427 2370 502 2433 dum
529 2390 588 2453 pro
616 2368 827 2454 amplitudine
855 2391 912 2434 sua
939 2371 1063 2454 impetu

57 2474 83 2515 as
96 2455 268 2541 grandiore
290 2454 479 2537 uoluuntur,
502 2453 640 2537 dumque
667 2454 784 2538 spiritu
810 2457 847 2519 ut
873 2454 909 2518 in
938 2454 1063 2539 origine

96 2561 154 2604 sua
174 2539 306 2604 fortiore
332 2538 523 2622 tenduntur,
554 2541 687 2624 propter
707 2539 812 2624 ipsam
826 2541 876 2603 'ut
898 2539 945 2603 ait
973 2559 1062 2603 oon-

97 2623 325 2688 oitetiorem
348 2624 648 2689 conuersionem
670 2626 786 2688 acute
801 2622 1063 2687 excitatomo·

95 2710 238 2772 nentur
260 2729 370 2791 sono,
400 2707 640 2793 grauissimo
662 2710 791 2772 autem
817 2705 884 2772 hio
905 2707 1062 2771 lunaris

97 2795 216 2876 atque
235 2791 401 2856 infimus
423 2791 575 2875 quoniam
594 2791 724 2875 spiritu,
746 2792 839 2856 utin
859 2792 1062 2857 extremitate
1162 2830 1165 2834 ·

57 2896 83 2936 ao
95 2875 326 2972 languescente
347 2876 413 2939 iam
434 2874 589 2972 uoluitur,
613 2877 798 2972 etupropter
812 2877 980 2973 angustias
995 2876 1063 2960 qui-

97 2961 156 3024 bus
178 2959 374 3057 penultimus
396 2959 482 3024 orbls
504 2961 631 3023 artatur
650 2964 774 3044 impetu
795 2958 916 3025 lemore
932 2981 1064 3025 conuer-

165 3150 305 3199 lratrone
322 3141 356 3197 P'
410 3148 535 3197 damma
552 3138 584 3197 P'
639 3147 786 3198 4ass'ertro
804 3147 830 3197 B
881 3142 1064 3199 Saenmrne*

96 3217 123 3265 P
181 3215 310 3266 9asser1t
327 3214 353 3263 B
423 3217 454 3266 10
471 3220 572 3265 natura
590 3231 637 3266 om.
654 3209 690 3266 B'
747 3218 779 3266 1⁷
798 3215 918 3266 efficitur
935 3214 960 3264 B
1031 3216 1062 3265 19

97 3299 210 3349 grauror
229 3282 268 3346 est
284 3281 310 3330 B
383 3284 417 3334 20
433 3281 549 3346 rmpnlsu
567 3283 591 3332 P
658 3283 725 3334 ferit
746 3283 772 3333 P
855 3285 887 3333 21
906 3282 1011 3332 lemare
1029 3281 1062 3346 Ρ,

96 3351 185 3402 lenror
204 3350 244 3401 est
260 3348 286 3397 B
354 3351 387 3399 22
404 3353 527 3400 tractatu
545 3348 643 3401 altrore
656 3350 682 3400 B
734 3353 767 3402 23
784 3348 901 3401 lairores
914 3350 945 3411 P,
964 3347 1063 3398 laesio·

97 3434 141 3535 ἷξε
157 3435 177 3483 p
198 3487 230 3536 3⁰
246 3417 280 3468 25
296 3415 426 3535 urpltnptpr
441 3409 475 3467 F
486 3417 558 3536 3126
576 3422 762 3536 popcrtztpone
780 3409 811 3468 P‘
864 3417 897 3467 28
915 3416 1062 3481 graurfrmo

197 3518 202 3532 .
248 3500 363 3550 angue
541 3499 577 3550 ep
591 3501 608 3536 a
621 3501 653 3535 ur
