2362 3878
108 164 168 231 156
522 178 619 226 11111
641 179 669 226 11

149 334 177 398 si
198 332 259 396 tibi
282 335 352 396 erat
373 331 501 396 libitum
526 331 707 396 litterarum
727 331 876 397 laudibus

149 418 237 482 floris
260 437 414 482 cacumen
437 420 566 481 nostrae
588 416 695 481 famae
716 417 887 513 frangere,

74 551 77 556 -
151 524 206 568 cur
229 523 301 567 cum
323 501 474 587 uigebam
494 501 647 566 membris
668 501 978 587 praeuiridantibus‚

150 587 228 652 satis
249 587 357 651 facere
378 586 496 734 qcpulo
519 589 552 650 et
573 585 632 650 tali
656 607 728 650 cum
748 592 896 670 poteram
917 587 1004 671 uiro,

106 736 108 741 .
149 694 215 737 non
237 693 288 736 me
310 671 385 735 flexi
408 671 484 735 ilem
508 671 712 736 concuiuasti
733 674 771 736 ut
794 671 966 756 carperes?
1081 690 1096 732 1

148 757 291 821 nuncine
305 778 357 820 me
373 755 496 820 deicis?
515 755 600 840 quo?
629 754 705 840 quid
721 756 762 820 ad
777 777 929 822 scaenam
944 756 1071 823 adfero?

149 842 295 906 decorem
317 841 438 906 formae
461 862 505 905 an
527 839 720 926 dignitatem
743 841 901 926 corporis,

149 927 249 991 animi
270 926 425 990 uirtutem
446 947 489 990 an
514 926 602 991 uocis
624 925 783 990 iucundae
806 925 945 991 sonum?

148 1014 185 1075 ut
206 1011 325 1075 hedera
346 1032 478 1094 serpens
500 1010 585 1075 uires
608 1010 757 1075 arboreas
779 1014 892 1094 necat,

147 1097 195 1160 ita
217 1117 268 1160 me
290 1098 434 1160 uetustas
457 1096 606 1243 amqlexu
629 1117 788 1161 annorum
810 1099 935 1162 enecat.
1082 1114 1109 1153 1c

149 1181 286 1265 sepulcri
308 1180 422 1246 similis
444 1181 514 1244 nihi
548 1180 612 1245 nisi
634 1201 753 1245 nomen
775 1182 911 1246 retineo.
1086 1248 1089 1255 ,

69 1283 140 1347 4111
161 1283 233 1366 ipsa
254 1304 379 1366 quoque
402 1281 529 1347 actione
551 1282 686 1346 subinde
709 1304 758 1364 se,
783 1304 845 1366 qua
862 1286 1006 1368 poterat,
1028 1283 1071 1348 ul-

107 1367 287 1431 ciscebatur
307 1367 441 1431 inducto
463 1367 577 1431 habitu
593 1365 682 1450 syri,
706 1366 761 1451 qui
775 1368 865 1433 uelut
879 1367 992 1454 flagris
1007 1389 1071 1433 oae-

106 1473 158 1516 sus
180 1451 452 1536 praeripientique
475 1451 590 1518 similis
617 1451 819 1517 exclamabat

169 1574 264 1637 porro
285 1552 425 1630 Quirites
447 1553 630 1618 libertatem
652 1551 814 1637 perdimus
1084 1569 1109 1611 1⁵

106 1658 138 1719 et
160 1655 256 1739 paulo
278 1658 352 1740 post
373 1653 492 1719 adiecit

169 1778 299 1821 necesse
316 1758 365 1820 est
384 1756 502 1820 multos
522 1755 637 1820 timeat
658 1777 753 1840 quem
774 1757 868 1821 multi
890 1757 1017 1823 timent.

69 1859 167 1941 5quo
190 1859 275 1923 dicto
297 1857 490 1922 uniuersitas
512 1857 623 1942 populi
645 1857 685 1921 ad
700 1859 803 1922 solum
818 1856 990 1925 Caesarem
1004 1880 1073 1925 ocu·

105 1943 152 2006 los
176 1946 208 2007 et
230 1964 286 2008 ora
310 1943 487 2026 conuertit,
511 1945 662 2007 notantes
685 1942 901 2026 inpotentiam
924 1947 992 2010 eius
1013 1945 1073 2010 hac

106 2028 276 2093 dicacitate
304 2028 492 2112 lapidatam.
544 2028 584 2092 ob
613 2027 692 2091 haec
726 2027 761 2091 in
791 2027 943 2093 Publium
975 2031 1073 2096 uertit
1084 2048 1107 2088 20

69 2112 259 2177 6111111111.
310 2113 338 2176 is
366 2112 534 2177 Publius
568 2112 701 2176 natione
735 2111 855 2197 Syrus
890 2135 963 2179 cum
997 2137 1074 2201 puer

106 2198 146 2261 ad
168 2203 341 2282 patronum
363 2197 484 2261 domini
506 2200 590 2261 esset
611 2196 782 2280 adductus,
805 2200 984 2282 promeruit
1004 2196 1074 2266 edm

104 2303 172 2346 non
199 2283 305 2346 minus
334 2281 454 2345 salibus
488 2284 521 2345 et
548 2281 681 2367 ingenio
708 2303 806 2367 quam
832 2283 948 2349 forma.
998 2307 1074 2351 nam

104 2366 188 2430 forte
213 2387 285 2430 cum
306 2364 361 2428 ille
384 2386 512 2429 sernum
534 2388 625 2430 suum
640 2366 850 2451 hydropicum
864 2367 1026 2436 iacentem
1040 2370 1075 2434 in

106 2471 180 2514 1111
194 2449 329 2514 uidisset
342 2449 617 2534 increpuissetque
639 2451 732 2536 quid
753 2452 794 2515 in
816 2452 898 2518 sole
919 2453 1109 2521 ficareto

104 2533 271 2617 respondit
293 2554 430 2618 aquam
454 2533 657 2600 calefacit.
695 2536 829 2601 ioculari
848 2537 964 2604 deinde
979 2561 1017 2605 su
1041 2561 1075 2605 11

107 2639 186 2682 cena
219 2621 331 2682 exorta
362 2618 549 2703 quaestione
586 2620 780 2704 quodnam
818 2625 925 2687 esset
956 2563 1074 2690 mole-

106 2706 207 2767 stum
235 2703 358 2768 otium
392 2703 479 2768 aliud
507 2704 569 2770 alio
597 2705 752 2789 opinante
779 2706 834 2771 ille
861 2707 1075 2795 podagrici

174 2927 206 2976 15
225 2930 254 2975 et
273 2928 305 2977 17
323 2927 421 2992 fragm.
440 2943 510 2978 com.
530 2927 573 2978 ed.
592 2927 720 2979 Ribbeck
738 2945 765 2994 p.
784 2931 834 2982 253

172 3147 249 3196 ome
262 3145 410 3196 flexibilem
421 3146 544 3199 Botbi'us:
563 3146 713 3199 flexibilem
732 3148 846 3203 meBP
914 3152 929 3201 6
954 3154 1075 3204 nunciue

103 3213 321 3265 Schneidewinue:
340 3229 414 3265 nunc
432 3214 485 3269 BP
538 3216 709 3267 8iccundae
726 3216 795 3267 BP:
828 3195 948 3270 9bdera
967 3222 992 3270 P
1041 3223 1076 3272 10

104 3295 236 3332 annorum
254 3286 338 3333 necat
355 3281 381 3332 B
451 3285 481 3332 11
500 3282 653 3349 sepulchris
667 3283 705 3346 B,
729 3283 867 3351 sepulchri
884 3287 910 3335 P
978 3287 1076 3341 lesui

103 3349 128 3398 Ρ
196 3350 227 3401 16
246 3349 388 3415 quaeritas
402 3349 428 3399 B
503 3353 535 3403 19
553 3356 746 3417 impotentiam
763 3354 789 3403 P
856 3357 889 3406 20
911 3355 1032 3419 publilii'i
1049 3357 1077 3406 P

103 3417 134 3467 21
153 3415 286 3483 publilius
300 3419 326 3467 P
393 3418 462 3468 sirus
476 3418 502 3468 P
573 3422 606 3471 25
624 3419 871 3488 mqerepuilldique
889 3423 930 3492 qd
947 3424 974 3474 P
1039 3426 1073 3476 ai

103 3498 189 3536 coena
209 3483 253 3550 (P)
322 3487 355 3537 28
373 3491 486 3550 opinate
503 3481 537 3536 B'
