<?xml version="1.0" encoding="UTF-8"?>
<!DOCTYPE html PUBLIC "-//W3C//DTD XHTML 1.0 Transitional//EN"
    "http://www.w3.org/TR/xhtml1/DTD/xhtml1-transitional.dtd">
<html xmlns="http://www.w3.org/1999/xhtml" xml:lang="en" lang="en">
 <head>
  <title>
</title>
<meta http-equiv="Content-Type" content="text/html;charset=utf-8" />
  <meta name='ocr-system' content='tesseract 3.04.00' />
  <meta name='ocr-capabilities' content='ocr_page ocr_carea ocr_par ocr_line ocrx_word'/>
</head>
<body>
  <div class='ocr_page' id='page_1' title='image "./macrobivs00macrgoog_0663.png"; bbox 0 0 2362 3878; ppageno 0'>
   <div class='ocr_carea' id='block_1_1' title="bbox 158 184 716 249">
    <p class='ocr_par' dir='ltr' id='par_1_1' title="bbox 158 184 716 249">
     <span class='ocr_line' id='line_1_1' title="bbox 158 184 716 249; baseline -0.007 0"><span class='ocrx_word' id='word_1_1' title='bbox 158 184 221 249; x_wconf 87' lang='grc'>640</span> <span class='ocrx_word' id='word_1_2' title='bbox 577 198 674 246; x_wconf 77' lang='lat' dir='ltr'>maru</span> <span class='ocrx_word' id='word_1_3' title='bbox 689 198 716 245; x_wconf 93' lang='lat'>11</span> 
     </span>
    </p>
   </div>
   <div class='ocr_carea' id='block_1_2' title="bbox 92 349 1171 2977">
    <p class='ocr_par' dir='ltr' id='par_1_2' title="bbox 92 349 1171 2977">
     <span class='ocr_line' id='line_1_2' title="bbox 156 349 1135 436; baseline 0 -20"><span class='ocrx_word' id='word_1_4' title='bbox 156 352 226 417; x_wconf 92' lang='lat' dir='ltr'>uiro</span> <span class='ocrx_word' id='word_1_5' title='bbox 248 350 448 436; x_wconf 90' lang='lat' dir='ltr'>philosophis</span> <span class='ocrx_word' id='word_1_6' title='bbox 471 354 549 435; x_wconf 87' lang='lat' dir='ltr'>apta</span> <span class='ocrx_word' id='word_1_7' title='bbox 571 350 753 415; x_wconf 83' lang='lat' dir='ltr'>subduntur</span> <span class='ocrx_word' id='word_1_8' title='bbox 775 371 847 414; x_wconf 93' lang='lat' dir='ltr'>cum</span> <span class='ocrx_word' id='word_1_9' title='bbox 869 349 988 414; x_wconf 89' lang='lat' dir='ltr'>dicitur</span> <span class='ocrx_word' id='word_1_10' title='bbox 1013 351 1135 436; x_wconf 85' lang='lat' dir='ltr'>idque</span> 
     </span>
     <span class='ocr_line' id='line_1_3' title="bbox 157 435 1135 502; baseline 0 -1"><span class='ocrx_word' id='word_1_11' title='bbox 157 436 270 502; x_wconf 88' lang='lat' dir='ltr'>ocius</span> <span class='ocrx_word' id='word_1_12' title='bbox 297 435 426 500; x_wconf 86' lang='lat' dir='ltr'>faciet</span> <span class='ocrx_word' id='word_1_13' title='bbox 452 436 482 499; x_wconf 90' lang='lat' dir='ltr'>si</span> <span class='ocrx_word' id='word_1_14' title='bbox 511 437 586 500; x_wconf 89' lang='lat' dir='ltr'>iam</span> <span class='ocrx_word' id='word_1_15' title='bbox 613 438 710 499; x_wconf 91' lang='lat' dir='ltr'>tunc</span> <span class='ocrx_word' id='word_1_16' title='bbox 741 457 823 498; x_wconf 91' lang='lat' dir='ltr'>cum</span> <span class='ocrx_word' id='word_1_17' title='bbox 846 435 925 498; x_wconf 93' lang='lat' dir='ltr'>erit</span> <span class='ocrx_word' id='word_1_18' title='bbox 946 435 1135 501; x_wconf 89' lang='lat' dir='ltr'>inclusus</span> 
     </span>
     <span class='ocr_line' id='line_1_4' title="bbox 156 520 1135 605; baseline 0.001 -20"><span class='ocrx_word' id='word_1_19' title='bbox 156 522 197 586; x_wconf 92' lang='lat' dir='ltr'>in</span> <span class='ocrx_word' id='word_1_20' title='bbox 220 542 403 605; x_wconf 90' lang='lat' dir='ltr'>corpore,</span> <span class='ocrx_word' id='word_1_21' title='bbox 427 520 622 585; x_wconf 77' lang='lat' dir='ltr'>eminebit</span> <span class='ocrx_word' id='word_1_22' title='bbox 642 520 754 584; x_wconf 83' lang='lat' dir='ltr'>foras</span> <span class='ocrx_word' id='word_1_23' title='bbox 777 523 816 584; x_wconf 90' lang='lat' dir='ltr'>et</span> <span class='ocrx_word' id='word_1_24' title='bbox 838 541 881 584; x_wconf 89' lang='lat' dir='ltr'>ea</span> <span class='ocrx_word' id='word_1_25' title='bbox 903 541 1002 603; x_wconf 90' lang='lat' dir='ltr'>quae</span> <span class='ocrx_word' id='word_1_26' title='bbox 1018 525 1135 586; x_wconf 88' lang='lat' dir='ltr'>extra</span> 
     </span>
     <span class='ocr_line' id='line_1_5' title="bbox 157 604 1136 690; baseline 0.001 -21"><span class='ocrx_word' id='word_1_27' title='bbox 157 608 274 670; x_wconf 91' lang='lat' dir='ltr'>erunt</span> <span class='ocrx_word' id='word_1_28' title='bbox 302 604 582 689; x_wconf 88' lang='lat' dir='ltr'>contemplans</span> <span class='ocrx_word' id='word_1_29' title='bbox 609 625 722 690; x_wconf 88' lang='lat' dir='ltr'>quam</span> <span class='ocrx_word' id='word_1_30' title='bbox 749 604 915 668; x_wconf 84' lang='lat' dir='ltr'>maxime</span> <span class='ocrx_word' id='word_1_31' title='bbox 944 626 983 669; x_wconf 88' lang='lat' dir='ltr'>se</span> <span class='ocrx_word' id='word_1_32' title='bbox 1007 626 1025 668; x_wconf 89' lang='lat' dir='ltr'>a</span> <span class='ocrx_word' id='word_1_33' title='bbox 1051 627 1136 670; x_wconf 91' lang='lat' dir='ltr'>cor-</span> 
     </span>
     <span class='ocr_line' id='line_1_6' title="bbox 108 689 1159 774; baseline -0.009 -15"><span class='ocrx_word' id='word_1_34' title='bbox 108 695 148 759; x_wconf 83' lang='lat'>12</span> <span class='ocrx_word' id='word_1_35' title='bbox 186 712 253 755; x_wconf 90' lang='lat' dir='ltr'>ore</span> <span class='ocrx_word' id='word_1_36' title='bbox 275 689 494 755; x_wconf 76' lang='lat' dir='ltr'><strong>abstrahet.</strong></span> <span class='ocrx_word' id='word_1_37' title='bbox 539 689 620 754; x_wconf 88' lang='lat' dir='ltr'>haec</span> <span class='ocrx_word' id='word_1_38' title='bbox 642 689 728 754; x_wconf 90' lang='lat' dir='ltr'>enim</span> <span class='ocrx_word' id='word_1_39' title='bbox 749 689 837 754; x_wconf 90' lang='lat' dir='ltr'>illius</span> <span class='ocrx_word' id='word_1_40' title='bbox 859 692 936 753; x_wconf 92' lang='lat' dir='ltr'>sunt</span> <span class='ocrx_word' id='word_1_41' title='bbox 957 694 1159 774; x_wconf 75' lang='lat' dir='ltr'>praeceptas</span> 
     </span>
     <span class='ocr_line' id='line_1_7' title="bbox 157 713 1135 860; baseline 0.001 -21"><span class='ocrx_word' id='word_1_42' title='bbox 157 713 323 840; x_wconf 62' lang='lat' dir='ltr'>lectrinae</span> <span class='ocrx_word' id='word_1_43' title='bbox 344 795 427 860; x_wconf 88' lang='lat' dir='ltr'>quae</span> <span class='ocrx_word' id='word_1_44' title='bbox 445 775 536 839; x_wconf 91' lang='lat' dir='ltr'>illam</span> <span class='ocrx_word' id='word_1_45' title='bbox 563 774 643 839; x_wconf 91' lang='lat' dir='ltr'>dicit</span> <span class='ocrx_word' id='word_1_46' title='bbox 669 777 807 838; x_wconf 92' lang='lat' dir='ltr'>mortem</span> <span class='ocrx_word' id='word_1_47' title='bbox 827 773 1135 858; x_wconf 77' lang='lat' dir='ltr'><strong>philosophantibus</strong></span> 
     </span>
     <span class='ocr_line' id='line_1_8' title="bbox 157 858 1136 944; baseline 0 -20"><span class='ocrx_word' id='word_1_48' title='bbox 157 860 372 944; x_wconf 89' lang='lat' dir='ltr'>appetendam</span> <span class='ocrx_word' id='word_1_49' title='bbox 400 881 439 924; x_wconf 90' lang='lat' dir='ltr'>ex</span> <span class='ocrx_word' id='word_1_50' title='bbox 466 881 529 943; x_wconf 88' lang='lat' dir='ltr'>qua</span> <span class='ocrx_word' id='word_1_51' title='bbox 556 860 594 924; x_wconf 93' lang='lat' dir='ltr'>fit</span> <span class='ocrx_word' id='word_1_52' title='bbox 620 862 657 924; x_wconf 91' lang='lat' dir='ltr'>ut</span> <span class='ocrx_word' id='word_1_53' title='bbox 684 858 790 923; x_wconf 87' lang='lat' dir='ltr'>adhuc</span> <span class='ocrx_word' id='word_1_54' title='bbox 815 858 850 922; x_wconf 92' lang='lat' dir='ltr'>in</span> <span class='ocrx_word' id='word_1_55' title='bbox 880 880 1013 943; x_wconf 92' lang='lat' dir='ltr'>corpore</span> <span class='ocrx_word' id='word_1_56' title='bbox 1035 861 1136 943; x_wconf 89' lang='lat' dir='ltr'>positi</span> 
     </span>
     <span class='ocr_line' id='line_1_9' title="bbox 157 943 1136 1113; baseline 0.002 -21"><span class='ocrx_word' id='word_1_57' title='bbox 157 943 909 1113; x_wconf 52' lang='grc'>2221131222112111112</span> <span class='ocrx_word' id='word_1_58' title='bbox 930 944 1136 1094; x_wconf 62' lang='grc' dir='ltr'>12111ξῖ·</span> 
     </span>
     <span class='ocr_line' id='line_1_10' title="bbox 157 1051 1171 1198; baseline -0.004 -21"><span class='ocrx_word' id='word_1_59' title='bbox 157 1115 242 1177; x_wconf 87' lang='lat' dir='ltr'>tutes</span> <span class='ocrx_word' id='word_1_60' title='bbox 265 1051 379 1178; x_wconf 50' lang='lat' dir='ltr'>suidet</span> <span class='ocrx_word' id='word_1_61' title='bbox 399 1079 569 1198; x_wconf 66' lang='lat' dir='ltr'>postquam</span> <span class='ocrx_word' id='word_1_62' title='bbox 591 1116 714 1198; x_wconf 89' lang='lat' dir='ltr'>quanta</span> <span class='ocrx_word' id='word_1_63' title='bbox 736 1116 768 1177; x_wconf 90' lang='lat' dir='ltr'>et</span> <span class='ocrx_word' id='word_1_64' title='bbox 790 1134 886 1197; x_wconf 85' lang='lat' dir='ltr'>quarn</span> <span class='ocrx_word' id='word_1_65' title='bbox 906 1051 1020 1177; x_wconf 68' lang='lat' dir='ltr'>liuns</span> <span class='ocrx_word' id='word_1_66' title='bbox 1039 1135 1134 1197; x_wconf 90' lang='lat' dir='ltr'>prae·</span> <span class='ocrx_word' id='word_1_67' title='bbox 1148 1135 1171 1174; x_wconf 80' lang='lat' dir='ltr'>ro</span> 
     </span>
     <span class='ocr_line' id='line_1_11' title="bbox 110 1197 1132 1296; baseline -0.003 -30"><span class='ocrx_word' id='word_1_68' title='bbox 110 1200 150 1266; x_wconf 85' lang='lat'>13</span> <span class='ocrx_word' id='word_1_69' title='bbox 158 1199 224 1262; x_wconf 92' lang='lat' dir='ltr'>mia</span> <span class='ocrx_word' id='word_1_70' title='bbox 238 1199 413 1296; x_wconf 83' lang='lat' dir='ltr'>uirtutibus</span> <span class='ocrx_word' id='word_1_71' title='bbox 428 1199 734 1296; x_wconf 26' lang='lat' dir='ltr'>debeanturteflixit</span> <span class='ocrx_word' id='word_1_72' title='bbox 779 1197 835 1262; x_wconf 85' lang='lat' dir='ltr'>sed</span> <span class='ocrx_word' id='word_1_73' title='bbox 850 1198 925 1283; x_wconf 90' lang='lat' dir='ltr'>quia</span> <span class='ocrx_word' id='word_1_74' title='bbox 940 1198 1028 1262; x_wconf 83' lang='lat' dir='ltr'>inter</span> <span class='ocrx_word' id='word_1_75' title='bbox 1038 1198 1132 1296; x_wconf 81' lang='lat' dir='ltr'>leges</span> 
     </span>
     <span class='ocr_line' id='line_1_12' title="bbox 157 1282 1133 1464; baseline 0.001 -33"><span class='ocrx_word' id='word_1_76' title='bbox 157 1282 1133 1464; x_wconf 45' lang='lat' dir='ltr'>auscultaturacillunturlustau:</span> 
     </span>
     <span class='ocr_line' id='line_1_13' title="bbox 157 1451 1133 1537; baseline 0.002 -22"><span class='ocrx_word' id='word_1_77' title='bbox 157 1471 235 1515; x_wconf 88' lang='lat' dir='ltr'>nam</span> <span class='ocrx_word' id='word_1_78' title='bbox 257 1454 363 1516; x_wconf 85' lang='lat' dir='ltr'>sancrt</span> <span class='ocrx_word' id='word_1_79' title='bbox 384 1454 475 1516; x_wconf 82' lang='lat' dir='ltr'>extra</span> <span class='ocrx_word' id='word_1_80' title='bbox 496 1451 577 1515; x_wconf 89' lang='lat' dir='ltr'>haee</span> <span class='ocrx_word' id='word_1_81' title='bbox 605 1456 780 1537; x_wconf 90' lang='lat' dir='ltr'>praecepta</span> <span class='ocrx_word' id='word_1_82' title='bbox 804 1452 1006 1535; x_wconf 89' lang='lat' dir='ltr'>mueutibus,</span> <span class='ocrx_word' id='word_1_83' title='bbox 1037 1475 1133 1536; x_wconf 89' lang='lat' dir='ltr'>quem</span> 
     </span>
     <span class='ocr_line' id='line_1_14' title="bbox 157 1534 1168 1621; baseline 0.004 -23"><span class='ocrx_word' id='word_1_84' title='bbox 157 1534 264 1599; x_wconf 93' lang='lat' dir='ltr'>locum</span> <span class='ocrx_word' id='word_1_85' title='bbox 285 1535 332 1598; x_wconf 80' lang='lat' dir='ltr'>Er</span> <span class='ocrx_word' id='word_1_86' title='bbox 353 1534 408 1598; x_wconf 90' lang='lat' dir='ltr'>ille</span> <span class='ocrx_word' id='word_1_87' title='bbox 422 1534 609 1601; x_wconf 89' lang='lat' dir='ltr'>Platonicus</span> <span class='ocrx_word' id='word_1_88' title='bbox 634 1538 793 1621; x_wconf 80' lang='lat' dir='ltr'>copiosius</span> <span class='ocrx_word' id='word_1_89' title='bbox 817 1539 969 1601; x_wconf 87' lang='lat' dir='ltr'>executus</span> <span class='ocrx_word' id='word_1_90' title='bbox 992 1539 1042 1601; x_wconf 91' lang='lat' dir='ltr'>est</span> <span class='ocrx_word' id='word_1_91' title='bbox 1065 1556 1168 1602; x_wconf 78' lang='lat' dir='ltr'>sae-1⁵</span> 
     </span>
     <span class='ocr_line' id='line_1_15' title="bbox 159 1619 1131 1706; baseline 0.002 -22"><span class='ocrx_word' id='word_1_92' title='bbox 159 1619 230 1684; x_wconf 88' lang='lat' dir='ltr'>cula</span> <span class='ocrx_word' id='word_1_93' title='bbox 250 1619 380 1684; x_wconf 87' lang='lat' dir='ltr'>infinita</span> <span class='ocrx_word' id='word_1_94' title='bbox 407 1620 631 1705; x_wconf 77' lang='lat' dir='ltr'><strong>dinumerans,</strong></span> <span class='ocrx_word' id='word_1_95' title='bbox 656 1622 771 1706; x_wconf 91' lang='lat' dir='ltr'>quibus</span> <span class='ocrx_word' id='word_1_96' title='bbox 793 1622 981 1686; x_wconf 89' lang='lat' dir='ltr'>nocentium</span> <span class='ocrx_word' id='word_1_97' title='bbox 1003 1622 1131 1686; x_wconf 89' lang='lat' dir='ltr'>animae</span> 
     </span>
     <span class='ocr_line' id='line_1_16' title="bbox 158 1704 1131 1790; baseline 0.002 -23"><span class='ocrx_word' id='word_1_98' title='bbox 158 1704 193 1768; x_wconf 92' lang='lat' dir='ltr'>in</span> <span class='ocrx_word' id='word_1_99' title='bbox 223 1704 350 1768; x_wconf 87' lang='lat' dir='ltr'>easdem</span> <span class='ocrx_word' id='word_1_100' title='bbox 377 1727 497 1789; x_wconf 89' lang='lat' dir='ltr'>poenas</span> <span class='ocrx_word' id='word_1_101' title='bbox 526 1727 622 1790; x_wconf 88' lang='lat' dir='ltr'>saepe</span> <span class='ocrx_word' id='word_1_102' title='bbox 650 1707 815 1771; x_wconf 90' lang='lat' dir='ltr'>reuolutae</span> <span class='ocrx_word' id='word_1_103' title='bbox 839 1728 908 1771; x_wconf 90' lang='lat' dir='ltr'>sero</span> <span class='ocrx_word' id='word_1_104' title='bbox 930 1706 968 1769; x_wconf 89' lang='lat' dir='ltr'>de</span> <span class='ocrx_word' id='word_1_105' title='bbox 995 1707 1131 1769; x_wconf 86' lang='lat' dir='ltr'>tartaris</span> 
     </span>
     <span class='ocr_line' id='line_1_17' title="bbox 159 1789 1131 1876; baseline -0.001 -23"><span class='ocrx_word' id='word_1_106' title='bbox 159 1790 392 1873; x_wconf 90' lang='lat' dir='ltr'>permittuntur</span> <span class='ocrx_word' id='word_1_107' title='bbox 414 1812 577 1876; x_wconf 83' lang='lat' dir='ltr'>emergere</span> <span class='ocrx_word' id='word_1_108' title='bbox 600 1793 633 1855; x_wconf 93' lang='lat' dir='ltr'>et</span> <span class='ocrx_word' id='word_1_109' title='bbox 654 1792 693 1855; x_wconf 90' lang='lat' dir='ltr'>ad</span> <span class='ocrx_word' id='word_1_110' title='bbox 715 1794 852 1855; x_wconf 90' lang='lat' dir='ltr'>naturae</span> <span class='ocrx_word' id='word_1_111' title='bbox 874 1812 947 1856; x_wconf 88' lang='lat' dir='ltr'>suae</span> <span class='ocrx_word' id='word_1_112' title='bbox 967 1789 1131 1875; x_wconf 85' lang='lat' dir='ltr'>principia</span> 
     </span>
     <span class='ocr_line' id='line_1_18' title="bbox 158 1874 1130 1960; baseline 0 -23"><span class='ocrx_word' id='word_1_113' title='bbox 158 1874 242 1958; x_wconf 90' lang='lat' dir='ltr'>quod</span> <span class='ocrx_word' id='word_1_114' title='bbox 265 1878 314 1938; x_wconf 88' lang='lat' dir='ltr'>est</span> <span class='ocrx_word' id='word_1_115' title='bbox 345 1875 482 1959; x_wconf 88' lang='lat' dir='ltr'>caelum,</span> <span class='ocrx_word' id='word_1_116' title='bbox 512 1876 645 1941; x_wconf 90' lang='lat' dir='ltr'>tandem</span> <span class='ocrx_word' id='word_1_117' title='bbox 670 1876 844 1959; x_wconf 72' lang='lat' dir='ltr'>impetrata</span> <span class='ocrx_word' id='word_1_118' title='bbox 864 1874 1058 1960; x_wconf 85' lang='lat' dir='ltr'>purgatione</span> <span class='ocrx_word' id='word_1_119' title='bbox 1082 1895 1130 1938; x_wconf 91' lang='lat' dir='ltr'>re-</span> 
     </span>
     <span class='ocr_line' id='line_1_19' title="bbox 110 1959 1167 2044; baseline -0.008 -19"><span class='ocrx_word' id='word_1_120' title='bbox 110 1961 150 2025; x_wconf 87' lang='lat'>14</span> <span class='ocrx_word' id='word_1_121' title='bbox 158 1979 275 2023; x_wconf 84' lang='lat' dir='ltr'>meare.</span> <span class='ocrx_word' id='word_1_122' title='bbox 321 1980 451 2025; x_wconf 89' lang='lat' dir='ltr'>necesse</span> <span class='ocrx_word' id='word_1_123' title='bbox 473 1963 523 2025; x_wconf 88' lang='lat' dir='ltr'>est</span> <span class='ocrx_word' id='word_1_124' title='bbox 545 1961 631 2025; x_wconf 92' lang='lat' dir='ltr'>enim</span> <span class='ocrx_word' id='word_1_125' title='bbox 654 1982 782 2025; x_wconf 89' lang='lat' dir='ltr'>omnem</span> <span class='ocrx_word' id='word_1_126' title='bbox 805 1961 947 2025; x_wconf 87' lang='lat' dir='ltr'>animam</span> <span class='ocrx_word' id='word_1_127' title='bbox 969 1960 1011 2023; x_wconf 87' lang='lat' dir='ltr'>ad</span> <span class='ocrx_word' id='word_1_128' title='bbox 1033 1959 1129 2044; x_wconf 83' lang='lat' dir='ltr'>origi-</span> <span class='ocrx_word' id='word_1_129' title='bbox 1142 1978 1167 2018; x_wconf 79' lang='lat' dir='ltr'>ao</span> 
     </span>
     <span class='ocr_line' id='line_1_20' title="bbox 157 2043 1131 2130; baseline 0 -23"><span class='ocrx_word' id='word_1_130' title='bbox 157 2043 209 2107; x_wconf 89' lang='lat' dir='ltr'>nis</span> <span class='ocrx_word' id='word_1_131' title='bbox 237 2065 313 2108; x_wconf 87' lang='lat' dir='ltr'>suae</span> <span class='ocrx_word' id='word_1_132' title='bbox 340 2045 447 2109; x_wconf 88' lang='lat' dir='ltr'>sedem</span> <span class='ocrx_word' id='word_1_133' title='bbox 475 2047 607 2129; x_wconf 87' lang='lat' dir='ltr'>reuerti,</span> <span class='ocrx_word' id='word_1_134' title='bbox 637 2045 693 2111; x_wconf 90' lang='lat' dir='ltr'>sed</span> <span class='ocrx_word' id='word_1_135' title='bbox 720 2067 801 2130; x_wconf 87' lang='lat' dir='ltr'>quae</span> <span class='ocrx_word' id='word_1_136' title='bbox 827 2065 942 2129; x_wconf 89' lang='lat' dir='ltr'>corpus</span> <span class='ocrx_word' id='word_1_137' title='bbox 963 2047 1131 2129; x_wconf 75' lang='lat' dir='ltr'><strong>tamquam</strong></span> 
     </span>
     <span class='ocr_line' id='line_1_21' title="bbox 156 2128 1130 2215; baseline 0 -23"><span class='ocrx_word' id='word_1_138' title='bbox 156 2129 349 2213; x_wconf 82' lang='lat' dir='ltr'>peregrinae</span> <span class='ocrx_word' id='word_1_139' title='bbox 376 2130 525 2195; x_wconf 89' lang='lat' dir='ltr'>incolunt</span> <span class='ocrx_word' id='word_1_140' title='bbox 554 2131 617 2194; x_wconf 91' lang='lat' dir='ltr'>cito</span> <span class='ocrx_word' id='word_1_141' title='bbox 643 2133 718 2214; x_wconf 88' lang='lat' dir='ltr'>post</span> <span class='ocrx_word' id='word_1_142' title='bbox 745 2152 860 2215; x_wconf 89' lang='lat' dir='ltr'>eorpus</span> <span class='ocrx_word' id='word_1_143' title='bbox 887 2128 978 2194; x_wconf 90' lang='lat' dir='ltr'>uelut</span> <span class='ocrx_word' id='word_1_144' title='bbox 1006 2129 1046 2193; x_wconf 92' lang='lat' dir='ltr'>ad</span> <span class='ocrx_word' id='word_1_145' title='bbox 1074 2150 1130 2213; x_wconf 91' lang='lat' dir='ltr'>pa-</span> 
     </span>
     <span class='ocr_line' id='line_1_22' title="bbox 157 2213 1132 2300; baseline 0.002 -23"><span class='ocrx_word' id='word_1_146' title='bbox 157 2213 255 2278; x_wconf 87' lang='lat' dir='ltr'>triam</span> <span class='ocrx_word' id='word_1_147' title='bbox 276 2218 496 2300; x_wconf 86' lang='lat' dir='ltr'>reuertuntur,</span> <span class='ocrx_word' id='word_1_148' title='bbox 520 2237 601 2299; x_wconf 92' lang='lat' dir='ltr'>quae</span> <span class='ocrx_word' id='word_1_149' title='bbox 622 2237 699 2279; x_wconf 89' lang='lat' dir='ltr'>uero</span> <span class='ocrx_word' id='word_1_150' title='bbox 722 2236 890 2300; x_wconf 90' lang='lat' dir='ltr'>corporum</span> <span class='ocrx_word' id='word_1_151' title='bbox 911 2214 1072 2279; x_wconf 82' lang='lat' dir='ltr'>illecebris</span> <span class='ocrx_word' id='word_1_152' title='bbox 1095 2217 1132 2279; x_wconf 94' lang='lat' dir='ltr'>ut</span> 
     </span>
     <span class='ocr_line' id='line_1_23' title="bbox 158 2298 1131 2384; baseline 0.002 -24"><span class='ocrx_word' id='word_1_153' title='bbox 158 2298 224 2361; x_wconf 90' lang='lat' dir='ltr'>suis</span> <span class='ocrx_word' id='word_1_154' title='bbox 246 2299 375 2363; x_wconf 86' lang='lat' dir='ltr'>sedibus</span> <span class='ocrx_word' id='word_1_155' title='bbox 396 2300 583 2384; x_wconf 86' lang='lat' dir='ltr'>inhaerent,</span> <span class='ocrx_word' id='word_1_156' title='bbox 607 2303 729 2384; x_wconf 89' lang='lat' dir='ltr'>quanto</span> <span class='ocrx_word' id='word_1_157' title='bbox 752 2301 793 2364; x_wconf 90' lang='lat' dir='ltr'>ab</span> <span class='ocrx_word' id='word_1_158' title='bbox 815 2299 879 2364; x_wconf 92' lang='lat' dir='ltr'>illis</span> <span class='ocrx_word' id='word_1_159' title='bbox 894 2298 1068 2363; x_wconf 88' lang='lat' dir='ltr'>uiolentius</span> <span class='ocrx_word' id='word_1_160' title='bbox 1084 2320 1131 2363; x_wconf 88' lang='lat' dir='ltr'>se·</span> 
     </span>
     <span class='ocr_line' id='line_1_24' title="bbox 157 2385 1166 2469; baseline 0.002 -23"><span class='ocrx_word' id='word_1_161' title='bbox 157 2386 315 2466; x_wconf 88' lang='lat' dir='ltr'>parantur</span> <span class='ocrx_word' id='word_1_162' title='bbox 336 2387 430 2449; x_wconf 87' lang='lat' dir='ltr'>tanto</span> <span class='ocrx_word' id='word_1_163' title='bbox 452 2387 492 2450; x_wconf 92' lang='lat' dir='ltr'>ad</span> <span class='ocrx_word' id='word_1_164' title='bbox 516 2405 632 2469; x_wconf 88' lang='lat' dir='ltr'>supera</span> <span class='ocrx_word' id='word_1_165' title='bbox 654 2385 755 2449; x_wconf 90' lang='lat' dir='ltr'>serius</span> <span class='ocrx_word' id='word_1_166' title='bbox 778 2387 994 2449; x_wconf 85' lang='lat' dir='ltr'>reuertuntur.</span> <span class='ocrx_word' id='word_1_167' title='bbox 1142 2400 1166 2440; x_wconf 78' lang='lat'>2⁵</span> 
     </span>
     <span class='ocr_line' id='line_1_25' title="bbox 110 2466 1130 2552; baseline -0.002 -20"><span class='ocrx_word' id='word_1_168' title='bbox 110 2467 150 2534; x_wconf 76' lang='lat'>15</span> <span class='ocrx_word' id='word_1_169' title='bbox 244 2466 306 2533; x_wconf 81' lang='lat' dir='ltr'>Sed</span> <span class='ocrx_word' id='word_1_170' title='bbox 327 2469 392 2534; x_wconf 91' lang='lat' dir='ltr'>iam</span> <span class='ocrx_word' id='word_1_171' title='bbox 412 2471 511 2534; x_wconf 89' lang='lat' dir='ltr'>finem</span> <span class='ocrx_word' id='word_1_172' title='bbox 533 2470 656 2534; x_wconf 90' lang='lat' dir='ltr'>somnio</span> <span class='ocrx_word' id='word_1_173' title='bbox 679 2469 821 2534; x_wconf 87' lang='lat' dir='ltr'>cohibita</span> <span class='ocrx_word' id='word_1_174' title='bbox 843 2469 1059 2552; x_wconf 87' lang='lat' dir='ltr'>disputatione</span> <span class='ocrx_word' id='word_1_175' title='bbox 1082 2468 1130 2531; x_wconf 89' lang='lat' dir='ltr'>fa·</span> 
     </span>
     <span class='ocr_line' id='line_1_26' title="bbox 159 2552 1131 2638; baseline 0 -22"><span class='ocrx_word' id='word_1_176' title='bbox 159 2552 279 2617; x_wconf 79' lang='lat' dir='ltr'>ciamus</span> <span class='ocrx_word' id='word_1_177' title='bbox 301 2553 363 2617; x_wconf 89' lang='lat' dir='ltr'>hoc</span> <span class='ocrx_word' id='word_1_178' title='bbox 385 2554 509 2618; x_wconf 86' lang='lat' dir='ltr'>adiecto</span> <span class='ocrx_word' id='word_1_179' title='bbox 524 2555 608 2638; x_wconf 87' lang='lat' dir='ltr'>quod</span> <span class='ocrx_word' id='word_1_180' title='bbox 630 2554 867 2619; x_wconf 79' lang='lat' dir='ltr'>conclusionem</span> <span class='ocrx_word' id='word_1_181' title='bbox 887 2553 1030 2634; x_wconf 87' lang='lat' dir='ltr'>decebit,</span> <span class='ocrx_word' id='word_1_182' title='bbox 1055 2552 1131 2637; x_wconf 89' lang='lat' dir='ltr'>quia</span> 
     </span>
     <span class='ocr_line' id='line_1_27' title="bbox 92 2636 1131 2724; baseline -0.001 -23"><span class='ocrx_word' id='word_1_183' title='bbox 92 2636 96 2643; x_wconf 82' lang='lat'>&#39;</span> <span class='ocrx_word' id='word_1_184' title='bbox 159 2658 231 2701; x_wconf 92' lang='lat' dir='ltr'>cum</span> <span class='ocrx_word' id='word_1_185' title='bbox 252 2637 320 2700; x_wconf 90' lang='lat' dir='ltr'>sint</span> <span class='ocrx_word' id='word_1_186' title='bbox 340 2637 439 2700; x_wconf 86' lang='lat' dir='ltr'>totius</span> <span class='ocrx_word' id='word_1_187' title='bbox 461 2637 684 2722; x_wconf 88' lang='lat' dir='ltr'>philosophiae</span> <span class='ocrx_word' id='word_1_188' title='bbox 705 2642 772 2703; x_wconf 87' lang='lat' dir='ltr'>tres</span> <span class='ocrx_word' id='word_1_189' title='bbox 793 2642 920 2724; x_wconf 86' lang='lat' dir='ltr'>partes,</span> <span class='ocrx_word' id='word_1_190' title='bbox 944 2636 1076 2702; x_wconf 87' lang='lat' dir='ltr'>moralis</span> <span class='ocrx_word' id='word_1_191' title='bbox 1099 2638 1131 2701; x_wconf 89' lang='lat' dir='ltr'>et</span> 
     </span>
     <span class='ocr_line' id='line_1_28' title="bbox 157 2719 1130 2807; baseline 0.001 -23"><span class='ocrx_word' id='word_1_192' title='bbox 157 2719 315 2784; x_wconf 86' lang='lat' dir='ltr'>naturalis</span> <span class='ocrx_word' id='word_1_193' title='bbox 338 2723 371 2783; x_wconf 89' lang='lat' dir='ltr'>et</span> <span class='ocrx_word' id='word_1_194' title='bbox 392 2721 569 2805; x_wconf 88' lang='lat' dir='ltr'>rationalis,</span> <span class='ocrx_word' id='word_1_195' title='bbox 594 2728 627 2788; x_wconf 93' lang='lat' dir='ltr'>et</span> <span class='ocrx_word' id='word_1_196' title='bbox 649 2725 692 2788; x_wconf 91' lang='lat' dir='ltr'>sit</span> <span class='ocrx_word' id='word_1_197' title='bbox 712 2724 842 2788; x_wconf 90' lang='lat' dir='ltr'>moralis</span> <span class='ocrx_word' id='word_1_198' title='bbox 857 2744 939 2807; x_wconf 90' lang='lat' dir='ltr'>quae</span> <span class='ocrx_word' id='word_1_199' title='bbox 955 2723 1050 2786; x_wconf 91' lang='lat' dir='ltr'>docet</span> <span class='ocrx_word' id='word_1_200' title='bbox 1063 2743 1130 2786; x_wconf 91' lang='lat' dir='ltr'>mo·</span> 
     </span>
     <span class='ocr_line' id='line_1_29' title="bbox 157 2803 1165 2892; baseline 0.005 -26"><span class='ocrx_word' id='word_1_201' title='bbox 157 2825 229 2867; x_wconf 94' lang='lat' dir='ltr'>rum</span> <span class='ocrx_word' id='word_1_202' title='bbox 252 2803 417 2870; x_wconf 90' lang='lat' dir='ltr'>elimatam</span> <span class='ocrx_word' id='word_1_203' title='bbox 437 2808 679 2892; x_wconf 85' lang='lat' dir='ltr'>perfectionem,</span> <span class='ocrx_word' id='word_1_204' title='bbox 702 2808 860 2874; x_wconf 84' lang='lat' dir='ltr'>naturalis</span> <span class='ocrx_word' id='word_1_205' title='bbox 882 2829 965 2891; x_wconf 92' lang='lat' dir='ltr'>quae</span> <span class='ocrx_word' id='word_1_206' title='bbox 987 2807 1027 2871; x_wconf 85' lang='lat' dir='ltr'>de</span> <span class='ocrx_word' id='word_1_207' title='bbox 1049 2806 1129 2871; x_wconf 91' lang='lat' dir='ltr'>diui-</span> <span class='ocrx_word' id='word_1_208' title='bbox 1142 2823 1165 2864; x_wconf 75' lang='lat'>³0</span> 
     </span>
     <span class='ocr_line' id='line_1_30' title="bbox 157 2888 1130 2977; baseline 0.007 -27"><span class='ocrx_word' id='word_1_209' title='bbox 157 2888 209 2951; x_wconf 88' lang='lat' dir='ltr'>nis</span> <span class='ocrx_word' id='word_1_210' title='bbox 232 2891 417 2972; x_wconf 89' lang='lat' dir='ltr'>corporibus</span> <span class='ocrx_word' id='word_1_211' title='bbox 440 2892 599 2977; x_wconf 89' lang='lat' dir='ltr'>disputat,</span> <span class='ocrx_word' id='word_1_212' title='bbox 628 2894 797 2958; x_wconf 83' lang='lat' dir='ltr'>rationalis</span> <span class='ocrx_word' id='word_1_213' title='bbox 827 2914 899 2958; x_wconf 92' lang='lat' dir='ltr'>cum</span> <span class='ocrx_word' id='word_1_214' title='bbox 921 2893 960 2956; x_wconf 87' lang='lat' dir='ltr'>de</span> <span class='ocrx_word' id='word_1_215' title='bbox 980 2891 1130 2974; x_wconf 91' lang='lat' dir='ltr'>incorpo-</span> 
     </span>
    </p>
   </div>
   <div class='ocr_carea' id='block_1_3' title="bbox 226 3041 1130 3151">
    <p class='ocr_par' dir='ltr' id='par_1_3' title="bbox 226 3041 1130 3151">
     <span class='ocr_line' id='line_1_31' title="bbox 226 3041 1130 3151; baseline 0.003 -7"><span class='ocrx_word' id='word_1_216' title='bbox 226 3041 364 3147; x_wconf 61' lang='lat' dir='ltr'>lsfiillmi</span> <span class='ocrx_word' id='word_1_217' title='bbox 381 3098 407 3147; x_wconf 93' lang='lat' dir='ltr'><strong><em>P</em></strong></span> <span class='ocrx_word' id='word_1_218' title='bbox 473 3099 579 3150; x_wconf 66' lang='lat' dir='ltr'>iotrus</span> <span class='ocrx_word' id='word_1_219' title='bbox 593 3099 619 3148; x_wconf 93' lang='lat' dir='ltr'><em>B</em></span> <span class='ocrx_word' id='word_1_220' title='bbox 673 3099 783 3151; x_wconf 84' lang='lat' dir='ltr'>clausus</span> <span class='ocrx_word' id='word_1_221' title='bbox 797 3099 823 3149; x_wconf 91' lang='lat' dir='ltr'><em>B</em></span> <span class='ocrx_word' id='word_1_222' title='bbox 900 3099 996 3150; x_wconf 75' lang='lat' dir='ltr'>olunt</span> <span class='ocrx_word' id='word_1_223' title='bbox 1012 3096 1090 3148; x_wconf 82' lang='lat' dir='ltr'>rllrul</span> <span class='ocrx_word' id='word_1_224' title='bbox 1104 3097 1130 3147; x_wconf 91' lang='lat' dir='ltr'><em>B</em></span> 
     </span>
    </p>
   </div>
   <div class='ocr_carea' id='block_1_4' title="bbox 154 3156 1133 3571">
    <p class='ocr_par' dir='ltr' id='par_1_4' title="bbox 154 3156 1133 3571">
     <span class='ocr_line' id='line_1_32' title="bbox 157 3156 1130 3234; baseline 0.003 -21"><span class='ocrx_word' id='word_1_225' title='bbox 157 3165 264 3214; x_wconf 63' lang='lat' dir='ltr'>§inune</span> <span class='ocrx_word' id='word_1_226' title='bbox 283 3156 381 3227; x_wconf 88' lang='lat' dir='ltr'>cm.P&#39;,</span> <span class='ocrx_word' id='word_1_227' title='bbox 400 3167 492 3217; x_wconf 85' lang='lat' dir='ltr'>deinde</span> <span class='ocrx_word' id='word_1_228' title='bbox 511 3168 709 3233; x_wconf 90' lang='lat' dir='ltr'>oportuneq.P</span> <span class='ocrx_word' id='word_1_229' title='bbox 758 3170 790 3219; x_wconf 90' lang='grc'>12</span> <span class='ocrx_word' id='word_1_230' title='bbox 808 3168 976 3234; x_wconf 80' lang='lat' dir='ltr'>rmperlceta</span> <span class='ocrx_word' id='word_1_231' title='bbox 995 3164 1047 3216; x_wconf 91' lang='lat' dir='ltr'>BP</span> <span class='ocrx_word' id='word_1_232' title='bbox 1099 3167 1130 3217; x_wconf 87' lang='grc'>13</span> 
     </span>
     <span class='ocr_line' id='line_1_33' title="bbox 157 3233 1130 3300; baseline 0.002 -20"><span class='ocrx_word' id='word_1_233' title='bbox 157 3247 231 3298; x_wconf 70' lang='lat' dir='ltr'>pena</span> <span class='ocrx_word' id='word_1_234' title='bbox 248 3233 306 3297; x_wconf 84' lang='lat' dir='ltr'>PB,</span> <span class='ocrx_word' id='word_1_235' title='bbox 335 3233 427 3285; x_wconf 86' lang='lat' dir='ltr'>deinde</span> <span class='ocrx_word' id='word_1_236' title='bbox 446 3234 584 3287; x_wconf 84' lang='lat' dir='ltr'>sancc1tur</span> <span class='ocrx_word' id='word_1_237' title='bbox 601 3234 742 3300; x_wconf 80' lang='lat' dir='ltr'>(posterior</span> <span class='ocrx_word' id='word_1_238' title='bbox 761 3253 776 3286; x_wconf 92' lang='lat' dir='ltr'>c</span> <span class='ocrx_word' id='word_1_239' title='bbox 794 3247 863 3287; x_wconf 82' lang='lat' dir='ltr'>corr.</span> <span class='ocrx_word' id='word_1_240' title='bbox 881 3252 916 3287; x_wconf 78' lang='lat' dir='ltr'>ex</span> <span class='ocrx_word' id='word_1_241' title='bbox 933 3234 956 3297; x_wconf 80' lang='lat' dir='ltr'>t)</span> <span class='ocrx_word' id='word_1_242' title='bbox 976 3233 1001 3283; x_wconf 91' lang='lat' dir='ltr'><em>B</em></span> <span class='ocrx_word' id='word_1_243' title='bbox 1059 3234 1130 3300; x_wconf 71' lang='lat' dir='ltr'>peni</span> 
     </span>
     <span class='ocr_line' id='line_1_34' title="bbox 157 3300 1133 3369; baseline 0.004 -22"><span class='ocrx_word' id='word_1_244' title='bbox 157 3300 183 3347; x_wconf 90' lang='lat' dir='ltr'><em>P</em></span> <span class='ocrx_word' id='word_1_245' title='bbox 250 3301 283 3350; x_wconf 88' lang='grc'>14</span> <span class='ocrx_word' id='word_1_246' title='bbox 301 3302 406 3352; x_wconf 84' lang='lat' dir='ltr'>sanoort</span> <span class='ocrx_word' id='word_1_247' title='bbox 421 3302 467 3367; x_wconf 90' lang='lat' dir='ltr'>pB</span> <span class='ocrx_word' id='word_1_248' title='bbox 553 3306 586 3355; x_wconf 79' lang='lat'>15</span> <span class='ocrx_word' id='word_1_249' title='bbox 605 3303 757 3369; x_wconf 83' lang='lat' dir='ltr'>exequutus</span> <span class='ocrx_word' id='word_1_250' title='bbox 770 3305 795 3354; x_wconf 89' lang='lat' dir='ltr'><em>P</em></span> <span class='ocrx_word' id='word_1_251' title='bbox 881 3306 912 3354; x_wconf 88' lang='grc'>16</span> <span class='ocrx_word' id='word_1_252' title='bbox 934 3305 1084 3353; x_wconf 87' lang='lat' dir='ltr'>noeentum</span> <span class='ocrx_word' id='word_1_253' title='bbox 1106 3302 1133 3351; x_wconf 93' lang='lat' dir='ltr'><strong><em>P</em></strong></span> 
     </span>
     <span class='ocr_line' id='line_1_35' title="bbox 158 3367 1130 3438; baseline 0.004 -23"><span class='ocrx_word' id='word_1_254' title='bbox 158 3368 190 3416; x_wconf 78' lang='lat'>17</span> <span class='ocrx_word' id='word_1_255' title='bbox 209 3367 296 3431; x_wconf 74' lang='lat' dir='ltr'>penas</span> <span class='ocrx_word' id='word_1_256' title='bbox 310 3371 336 3419; x_wconf 90' lang='lat' dir='ltr'><strong><em>P</em></strong></span> <span class='ocrx_word' id='word_1_257' title='bbox 404 3372 436 3422; x_wconf 88' lang='lat'>18</span> <span class='ocrx_word' id='word_1_258' title='bbox 454 3387 595 3438; x_wconf 83' lang='lat' dir='ltr'>emergere</span> <span class='ocrx_word' id='word_1_259' title='bbox 613 3372 817 3437; x_wconf 60' lang='lat' dir='ltr'>‚omittunturP</span> <span class='ocrx_word' id='word_1_260' title='bbox 870 3373 903 3423; x_wconf 88' lang='lat'>19</span> <span class='ocrx_word' id='word_1_261' title='bbox 917 3384 1046 3422; x_wconf 82' lang='lat' dir='ltr'>¹remeare</span> <span class='ocrx_word' id='word_1_262' title='bbox 1065 3385 1130 3436; x_wconf 90' lang='lat' dir='ltr'>pur-</span> 
     </span>
     <span class='ocr_line' id='line_1_36' title="bbox 158 3430 1129 3505; baseline 0.003 -22"><span class='ocrx_word' id='word_1_263' title='bbox 158 3438 271 3498; x_wconf 76' lang='lat' dir='ltr'>gatione</span> <span class='ocrx_word' id='word_1_264' title='bbox 289 3430 324 3487; x_wconf 89' lang='lat' dir='ltr'>B&#39;</span> <span class='ocrx_word' id='word_1_265' title='bbox 375 3454 494 3490; x_wconf 80' lang='lat' dir='ltr'>remeari</span> <span class='ocrx_word' id='word_1_266' title='bbox 510 3441 537 3490; x_wconf 93' lang='lat' dir='ltr'><strong><em>P</em></strong></span> <span class='ocrx_word' id='word_1_267' title='bbox 621 3442 653 3491; x_wconf 96' lang='grc'>21</span> <span class='ocrx_word' id='word_1_268' title='bbox 672 3444 804 3505; x_wconf 83' lang='lat' dir='ltr'>tanquam</span> <span class='ocrx_word' id='word_1_269' title='bbox 821 3439 848 3489; x_wconf 93' lang='lat' dir='ltr'><strong><em>P</em></strong></span> <span class='ocrx_word' id='word_1_270' title='bbox 923 3440 955 3489; x_wconf 88' lang='grc'>22</span> <span class='ocrx_word' id='word_1_271' title='bbox 972 3453 1086 3505; x_wconf 64' lang='lat' dir='ltr'>pigrius</span> <span class='ocrx_word' id='word_1_272' title='bbox 1104 3436 1129 3486; x_wconf 89' lang='lat' dir='ltr'><em>B</em></span> 
     </span>
     <span class='ocr_line' id='line_1_37' title="bbox 154 3502 1065 3571; baseline 0.003 -18"><span class='ocrx_word' id='word_1_273' title='bbox 154 3502 189 3553; x_wconf 80' lang='grc'>24</span> <span class='ocrx_word' id='word_1_274' title='bbox 206 3502 310 3571; x_wconf 69' lang='lat' dir='ltr'>seponi</span> <span class='ocrx_word' id='word_1_275' title='bbox 325 3506 352 3559; x_wconf 86' lang='lat' dir='ltr'><em>B</em></span> <span class='ocrx_word' id='word_1_276' title='bbox 421 3508 453 3560; x_wconf 87' lang='grc'>26</span> <span class='ocrx_word' id='word_1_277' title='bbox 472 3507 512 3560; x_wconf 85' lang='lat' dir='ltr'>set</span> <span class='ocrx_word' id='word_1_278' title='bbox 528 3507 554 3557; x_wconf 92' lang='lat' dir='ltr'><em>B</em></span> <span class='ocrx_word' id='word_1_279' title='bbox 622 3509 656 3560; x_wconf 85' lang='grc'>28</span> <span class='ocrx_word' id='word_1_280' title='bbox 675 3512 703 3559; x_wconf 84' lang='lat' dir='ltr'>et</span> <span class='ocrx_word' id='word_1_281' title='bbox 720 3516 779 3559; x_wconf 74' lang='lat' dir='ltr'>ante</span> <span class='ocrx_word' id='word_1_282' title='bbox 796 3505 936 3559; x_wconf 78' lang='lat' dir='ltr'>naturalis</span> <span class='ocrx_word' id='word_1_283' title='bbox 951 3522 998 3560; x_wconf 86' lang='lat' dir='ltr'>om.</span> <span class='ocrx_word' id='word_1_284' title='bbox 1018 3504 1065 3571; x_wconf 88' lang='lat' dir='ltr'>(P)</span> 
     </span>
    </p>
   </div>
   <div class='ocr_carea' id='block_1_5' title="bbox 0 0 1186 3878">
    <p class='ocr_par' dir='ltr' id='par_1_5' title="bbox 0 0 1186 3878">
     <span class='ocr_line' id='line_1_38' title="bbox 0 0 1186 3878; baseline 0 0"><span class='ocrx_word' id='word_1_285' title='bbox 0 0 1186 3878; x_wconf 95' lang='lat' dir='ltr'> </span> 
     </span>
    </p>
   </div>
  </div>
 </body>
</html>
