2362 3878
160 187 224 254 534
572 200 669 249 mum
691 201 704 247 1

161 358 211 421 est
232 355 341 436 oculis,
372 353 485 419 ceteris
515 353 642 418 circulis
669 353 775 439 magis
805 353 1003 439 cogitatione
1036 377 1134 441 quam

122 441 231 506 3uisu
264 439 571 524 conprehendendis,
617 439 655 503 de
689 438 751 503 hoo
778 438 883 504 lacteo
915 439 1013 504 multi
1048 441 1134 506 inter

160 547 195 591 se
218 524 343 589 diuersa
366 526 551 608 senscrunt,
581 544 692 589 causas
715 545 754 589 ue
777 524 844 589 eius
872 523 928 588 alii
954 524 1131 609 fabulosas,

159 609 324 674 naturales
347 608 402 673 alii
423 608 643 692 protulerunt:
666 631 681 673 s
743 629 804 673 nos
825 608 976 673 fabulosa
993 611 1133 677 reticen-

159 698 209 759 tes
232 716 270 759 ca
291 698 419 760 tantum
441 714 526 777 quae
544 694 585 758 ad
606 696 757 758 naturam
772 694 839 758 eius
861 694 932 757 uisa
959 698 1040 759 sunt
1063 712 1154 780 per-⁵

123 779 262 845 4tinere
295 779 446 844 dicemus.
497 778 738 862 Theophrastus
771 779 911 843 lacteum
945 778 1030 843 dixit
1066 802 1133 846 esse

160 885 230 1014 tt
242 885 429 1014 ἑξῗέἒὲῗ
443 862 880 1033 ittutbtttttttqtt
896 862 1134 1015 ututur

122 1034 335 1100 bnotabilun
350 1033 530 1098 claritatem
541 1033 653 1115 uideri,
668 1033 827 1099 Diodorus
842 1034 953 1118 ignem
968 1055 1041 1099 esse
1057 1035 1134 1100 den·

160 1123 248 1184 setae
277 1122 509 1203 concretaeque
536 1122 672 1183 naturae
705 1118 741 1183 in
769 1139 869 1182 unam
897 1118 989 1182 curui
1016 1118 1133 1185 limitis
1148 1137 1168 1175 1⁰

160 1206 308 1269 semitam
329 1203 522 1269 discretione
545 1203 728 1268 mundanae
751 1202 895 1268 fabricae
918 1209 1134 1271 coaceruante

160 1293 349 1354 concretum
371 1290 404 1352 et
424 1287 496 1353 ideo
518 1288 624 1352 uisum
645 1289 804 1353 intuentis
820 1288 991 1352 admittere
1006 1289 1134 1374 reliquo

158 1374 237 1458 igne
260 1372 390 1437 caelesti
412 1372 516 1437 lucem
539 1394 629 1437 suam
650 1373 752 1437 nimia
774 1373 953 1438 subtilitate
981 1373 1135 1439 diffusam

124 1461 225 1524 bnon
261 1455 439 1521 subiciente
473 1457 673 1541 conspectui,
708 1457 910 1522 Democritus
942 1457 1134 1524 innumeras

160 1539 269 1605 stellas
291 1541 467 1625 breuesque
489 1561 610 1625 omnes,
634 1564 716 1627 quae
738 1543 841 1627 spisso
855 1545 962 1607 tractu
978 1542 1014 1606 in
1029 1559 1168 1609 unnm1⁵

161 1628 301 1708 coactae,
318 1625 432 1723 spatiis
447 1646 527 1710 quae
543 1628 772 1712 angustissima
786 1627 983 1693 interiacent
997 1630 1132 1713 opertis,

159 1710 286 1776 uicinae
319 1710 382 1775 srbi
410 1711 551 1795 undique
579 1716 612 1777 et
638 1712 709 1778 ideo
732 1714 853 1797 passim
884 1711 1020 1777 diffusae
1050 1713 1133 1778 lucis

161 1795 332 1882 aspergine
368 1797 555 1861 continuum
583 1798 687 1862 iuncti
718 1797 850 1862 luminis
878 1817 993 1880 corpus
1024 1802 1132 1864 osten-

125 1881 256 1947 idunt:
279 1882 334 1947 sed
356 1881 558 1964 Posidonius,
583 1883 673 1948 cuius
696 1881 877 1948 definitioni
891 1880 1034 1966 plurium
1058 1904 1133 1948 con-

159 1987 272 2030 sensus
295 1967 439 2050 accessit,
468 1968 515 2032 ait
542 1968 682 2034 lacteum
705 1967 820 2033 caloris
842 1988 910 2031 esse
937 1966 1057 2031 siderei
1084 1967 1166 2031 ino

159 2050 318 2116 fusionem
341 2073 437 2136 quam
464 2051 536 2117 ideo
558 2054 692 2118 aduersa
722 2052 852 2117 zodiaco
881 2051 1023 2116 curuitas
1053 2051 1131 2117 obli-

159 2136 271 2219 quauit
292 2140 329 2201 ut
351 2136 502 2221 quoniam
525 2138 573 2201 sol
601 2159 778 2222 numquam
805 2135 926 2201 zodiaci
946 2137 1132 2202 excedendo

158 2221 313 2287 terminos
336 2224 500 2306 expertem
514 2222 650 2289 feruoris
666 2223 715 2287 sui
729 2224 856 2306 partem
877 2220 957 2286 caeli
972 2220 1131 2306 reliquam

160 2305 336 2389 deserebat,
360 2305 414 2372 hio
438 2307 540 2373 circus
567 2309 662 2373 auia
684 2306 760 2372 solis
788 2307 823 2371 in
850 2305 1016 2390 obliquum
1044 2327 1131 2372 rece·

160 2389 239 2455 dens
260 2392 506 2456 uniuersitatem
527 2393 611 2458 flexu
635 2391 738 2458 calido
760 2395 966 2475 temperaret.
1013 2391 1166 2475 quibusa

160 2478 269 2540 autem
296 2476 442 2561 partibus
470 2476 635 2541 zodiacum
661 2478 849 2559 intersecet,
884 2474 1031 2558 superius
1064 2475 1131 2539 iam

123 2559 298 2632 8relatum
320 2563 378 2624 est.
422 2558 504 2624 haec
527 2560 566 2626 de
588 2561 700 2626 lacteo.
738 2562 848 2626 decem
876 2562 986 2625 autem
1015 2559 1073 2624 alii
1095 2563 1132 2623 ut

159 2643 297 2708 diximus
320 2643 398 2707 circi
419 2646 510 2727 sunt,
539 2665 675 2728 quorum
695 2667 778 2710 unus
802 2649 851 2711 est
871 2645 940 2729 ipse
967 2644 1129 2726 zodiacus,

159 2727 214 2811 qui
237 2749 275 2791 ex
297 2725 349 2790 his
371 2727 481 2792 decem
503 2729 589 2794 solus
610 2731 717 2814 potuit
738 2729 942 2795 latitudinem
957 2729 1020 2794 hoc
1034 2729 1131 2794 modo

124 2819 254 2895 9quem
276 2809 450 2878 referemus
478 2813 622 2898 adipisci.
668 2818 785 2880 natura
814 2814 999 2880 caelestium
1028 2813 1167 2879 circu-³0

158 2895 263 2960 lorum
284 2897 358 2961 inco
399 2898 495 2964 omlis
517 2903 567 2965 est
593 2900 680 2965 linea
702 2921 784 2985 quaa
811 2900 858 2964 ita
886 2901 994 2963 mente
1024 2900 1131 2964 conci-

159 2979 248 3065 pitur
275 2983 311 3044 ut
339 3002 407 3047 soa
432 2983 637 3082 longitudine
666 2987 851 3065 censeatur,
879 2984 981 3047 latum
1007 2982 1132 3048 habero

159 3086 225 3130 non
253 3065 374 3151 possit,
408 3068 464 3132 sed
497 3091 534 3133 m
565 3069 694 3136 zodiaco
721 3069 929 3134 latitudinem
961 3067 1133 3152 signorum

110 3152 322 3235 locapaoitas
345 3152 504 3238 exigebat.
550 3158 706 3239 quantum
734 3154 835 3240 igitur
862 3152 961 3237 spatii
986 3151 1054 3217 lata
1085 3153 1132 3218 di-

227 3374 349 3427 3d1u1sa
366 3377 392 3425 P
457 3376 661 3430 dtheotral'tus
674 3379 699 3427 P
752 3376 857 3446 8horp¹
872 3369 903 3426 P'
967 3378 997 3426 11
1018 3390 1132 3427 coacer-

158 3441 244 3494 baute
262 3435 296 3493 P‘
363 3446 395 3497 19
411 3445 586 3510 possedomus
600 3448 625 3498 P
691 3448 725 3499 20
744 3444 845 3497 colons
861 3437 893 3494 P'
954 3445 986 3494 21
1007 3443 1135 3494 ourbrtas

155 3503 190 3561 1⁷
257 3512 291 3563 25
308 3511 381 3564 fluxu
398 3514 424 3564 P
489 3517 522 3567 27
540 3518 571 3565 ut
589 3530 636 3567 om.
653 3506 687 3563 P'
