2362 3878
500 190 548 256 iu,
565 184 658 234 4-15
1004 173 1066 236 an

98 344 196 406 habel
218 367 237 406 a
261 345 347 407 cerlo
368 342 439 406 loco
463 342 502 405 ad
518 341 653 405 eundem
673 341 779 404 locum
793 343 840 405 iia
855 342 1068 405 remeaueriui

97 431 135 491 ul
156 450 197 491 ne
219 451 283 491 una
305 428 432 511 quidem
456 426 536 490 caeli
557 425 651 490 stella
671 426 707 489 in
730 425 793 489 alio
815 425 885 489 loco
908 426 949 489 sit
971 448 1068 510 quam

97 514 133 576 iu
155 535 217 596 quo
238 513 301 576 fuit
324 534 396 576 oum
418 533 528 575 omnes
551 511 633 574 aliae
656 532 695 573 ex
718 532 754 574 eo
776 510 846 573 loco
866 513 971 574 motae
993 515 1069 575 sunl

99 597 140 660 ad
167 619 261 680 quem
289 618 435 660 reuersae
464 616 549 659 anuo
578 617 635 658 suo
663 595 760 658 finem
788 595 944 658 dederunt
965 595 1012 658 ila
1032 601 1069 660 ui

72 683 219 745 sumina
242 702 365 765 quoque
389 702 460 745 cum
483 680 628 744 erraticis
650 679 790 762 quinque
812 679 848 743 in
869 679 969 742 isdem
989 679 1068 743 locis

98 772 130 830 el
153 766 297 850 partibus
319 765 442 829 sintin
464 764 579 848 quibus
600 765 777 847 incipiente
797 763 961 827 mundano
983 786 1067 828 anno

96 853 237 915 fuerunt.
282 849 343 914 hoo
365 853 473 913 aulem
495 853 533 912 ul
554 847 676 933 physici
693 848 807 912 uolunt
821 851 895 931 post
910 868 1068 912 annorum
1080 850 1117 912 11

97 936 280 1020 quindecim
295 934 385 998 milia
400 937 533 1017 peracla
556 933 727 1017 conlingii.
774 953 851 1016 ergo
866 933 949 996 sicul
964 955 1068 996 annus

96 1019 192 1084 lunae
213 1020 332 1083 mensis
355 1022 405 1083 cst
426 1021 459 1082 el
481 1040 584 1082 annus
607 1018 682 1082 solis
705 1017 872 1082 duodecim
887 1039 1012 1082 menses
1035 1024 1068 1081 et

58 1124 83 1162 10
98 1105 231 1168 aliarum
254 1105 418 1169 stellarum
433 1104 467 1167 hi
483 1106 560 1167 sunl
575 1103 653 1167 anni
669 1124 747 1186 quos
762 1123 859 1185 supra
874 1101 1065 1184 retudimus,

95 1191 142 1253 iia
163 1188 361 1252 mundanum
383 1211 503 1252 annum
518 1187 701 1272 quindecim
715 1187 805 1251 milia
821 1208 976 1251 annorum
992 1208 1067 1270 qua-

96 1276 142 1336 les
164 1296 251 1337 nuno
275 1276 495 1357 computamus
518 1272 673 1336 efficiunt.
718 1272 772 1336 ille
795 1293 872 1356 ergo
898 1293 989 1336 uere
1012 1293 1066 1335 au·
1080 1273 1118 1336 12

74 1379 157 1421 nus
185 1362 346 1421 uertens
374 1359 537 1422 uocandus
561 1361 625 1439 est,
656 1379 750 1441 quem
771 1378 838 1420 nou
861 1356 936 1420 solis
963 1357 997 1420 id
1019 1359 1068 1420 esi

96 1442 191 1505 unius
214 1442 292 1505 astri
320 1443 424 1506 reditu
444 1443 595 1507 metimur
622 1444 676 1506 sed
698 1463 792 1525 quem
815 1441 980 1505 stellarum
1002 1462 1068 1505 om-

58 1543 83 1583 15
97 1527 203 1608 nium,
233 1548 312 1609 quae
341 1527 376 1589 in
403 1549 600 1611 quocumque
630 1527 717 1591 caelo
747 1532 838 1608 sunl,
868 1527 909 1590 ad
931 1527 1067 1590 eundem

96 1611 202 1674 locum
224 1611 343 1674 reditus
365 1611 424 1674 sub
447 1612 580 1674 eadem
609 1610 710 1675 caeli
737 1613 863 1675 totius
891 1611 1067 1693 descrip-

97 1696 208 1759 tione
237 1695 414 1776 concludit,
450 1696 534 1759 unde
562 1698 595 1759 el
628 1696 808 1759 mundanus
842 1694 959 1758 dicitur
991 1695 1067 1777 quia

96 1781 232 1843 mundus
254 1780 382 1862 proprie
405 1779 527 1843 caelum
541 1782 686 1843 uocatur.
731 1779 831 1861 igitur
846 1779 930 1842 sicut
945 1800 1067 1843 annum
1079 1780 1117 1842 13

97 1863 172 1926 solis
193 1885 260 1927 non
283 1863 383 1926 solum
406 1886 425 1926 a
447 1863 602 1926 Kalendis
624 1861 782 1926 Ianuariis
809 1883 909 1945 usque
936 1862 976 1925 ad
999 1884 1066 1926 eas-

57 1967 83 2004 ao
97 1947 168 2010 dem
191 1969 358 2028 uocamus,
382 1948 437 2010 sed
461 1949 493 2009 el
515 1969 534 2008 a
556 1949 708 2028 sequente
737 1948 809 2028 posl
830 1946 993 2010 Kalendas
1016 1948 1066 2012 die

96 2053 195 2114 usque
224 2032 262 2094 ad
292 2031 428 2094 eundem
455 2031 540 2094 diem
566 2034 599 2094 ei
622 2052 640 2093 a
667 2051 866 2113 quocumque
897 2030 1067 2096 cuiuslibet

95 2117 214 2180 mensis
237 2116 288 2180 die
310 2117 466 2199 usquein
488 2114 573 2179 diem
596 2114 730 2178 eundem
750 2115 870 2179 reditus
886 2138 990 2179 annus
1012 2138 1066 2180 uo-

96 2205 202 2284 catur,
226 2201 274 2265 ila
296 2201 388 2264 huius
411 2200 566 2263 mundani
589 2199 667 2263 anni
694 2199 823 2263 initium
845 2200 906 2263 sibi
933 2200 1066 2283 quisque
1158 2195 1161 2205 ⁸

95 2286 176 2350 facil
199 2286 416 2370 quodcumque
439 2285 632 2367 decreuerit,
656 2286 694 2347 ul
715 2306 788 2349 ecce
810 2306 898 2349 nunc
914 2285 1025 2350 Cicero
1047 2309 1066 2349 a

56 2388 81 2427 25
95 2370 222 2435 defectu
244 2371 318 2434 solis
342 2370 395 2454 qui
417 2372 476 2434 sub
498 2369 627 2432 Romuli
652 2369 716 2432 fine
746 2369 883 2453 conligit
909 2369 1065 2434 mundani

96 2457 174 2518 anni
202 2456 398 2539 principium
426 2455 487 2519 sibi
515 2455 585 2538 ipse
613 2454 790 2518 constituit.
837 2458 869 2517 ei
896 2454 973 2518 licei
1000 2455 1065 2518 iam
1076 2455 1117 2518 14

96 2540 280 2621 saepissime
302 2543 414 2624 postea
430 2540 572 2603 defectus
587 2538 662 2602 solis
684 2539 842 2620 euenerii,
867 2561 933 2602 non
948 2539 1065 2603 dieitur

79 2627 205 2686 -lamen
227 2626 425 2688 mundanum
448 2647 568 2688 annum
590 2625 727 2707 repetita
750 2624 887 2688 defectio
909 2624 984 2687 solis
1008 2626 1065 2687 im-

95 2708 199 2790 plesse
221 2709 276 2771 sed
297 2711 377 2772 lunc
397 2710 584 2792 implebitur
599 2730 670 2771 cum
686 2708 733 2772 sol
748 2709 899 2773 deficiens
913 2709 948 2772 in
963 2708 1065 2773 isdem

57 2811 83 2850 so
96 2792 174 2855 locis
198 2795 231 2855 el
252 2792 398 2874 partibus
422 2796 454 2854 el
474 2793 543 2874 ipse
566 2792 628 2855 erit
650 2796 683 2854 el
710 2813 820 2856 omnes
852 2793 931 2857 caeli
954 2793 1064 2857 stellas

95 2876 265 2959 omniaque
293 2875 398 2938 sidera
425 2897 533 2939 rursus
562 2876 708 2939 inueniet
729 2878 764 2939 in
793 2877 908 2959 quibus
933 2877 1064 2942 fuerant

96 2983 167 3024 cum
202 2960 259 3024 sub
288 2959 416 3022 Romuli
444 2960 508 3022 fine
542 2959 700 3023 deficeret.
745 2961 847 3044 igilur
875 2984 893 3026 a
922 2963 1064 3027 discessu
1075 2962 1115 3026 15

162 3217 255 3269 3s1nt
276 3216 302 3265 B
370 3216 505 3266 shisdem
524 3216 572 3266 PB
641 3217 773 3282 'lphisrcr
789 3217 839 3267 PB
908 3221 1063 3283 Sconugit

94 3288 119 3335 P
187 3289 218 3335 10
236 3284 420 3334 retulimulB
490 3287 522 3334 14
540 3285 612 3335 altra
630 3276 670 3346 P‘,
694 3285 824 3335 auslnB
894 3288 925 3335 14
943 3293 969 3336 et
986 3289 1019 3336 20
1037 3294 1063 3336 et

93 3353 228 3403 assata
298 3354 329 3403 15
348 3368 420 3416 quae
438 3353 529 3401 om.P
580 3352 742 3418 quocuq.B
794 3355 825 3403 16
846 3353 1012 3403 descritrone
1032 3347 1064 3401 P'

96 3423 127 3471 19
146 3420 217 3470 solus
234 3413 263 3470 P'
331 3423 363 3470 27
383 3419 505 3486 seprsuua
523 3411 554 3468 P'
610 3420 644 3470 28
663 3420 835 3471 mumdanum
855 3412 885 3469 P'
937 3420 1061 3486 rmplesse

94 3487 119 3536 B
171 3487 426 3555 291mpleb1turB
477 3489 549 3538 rdem
567 3480 774 3552 P'‚h1sdemB
