2362 3878
371 186 444 252 xvr,
461 179 504 232 uo.
526 186 613 252 xvn,
631 179 719 231 1-11
967 168 1031 234 639

61 341 219 406 uirtutum
240 339 355 424 quibus
377 331 479 404 nihilo
500 339 606 403 minus
629 337 754 403 caelum
775 338 860 403 cedit
880 339 915 403 in
939 360 1031 423 prae-

61 426 171 489 mium.
215 425 314 510 siquis
336 445 412 488 uero
435 423 534 489 insita
556 424 663 508 quiete
685 426 822 488 naturae
836 445 904 488 non
919 423 963 488 sit
978 423 1068 509 apti

61 514 113 574 tus
137 510 177 573 ad
199 510 370 594 agendum,
395 511 450 574 sed
472 509 575 574 solum
589 509 711 594 optima
726 509 941 573 conscientiae
956 509 1032 574 dote

62 598 185 658 erectus
208 595 249 659 ad
271 615 387 678 supera
408 594 573 659 doctrinae
595 594 825 677 supellectilem
849 594 889 657 ad
912 595 1030 659 exerci-

36 680 144 744 atium
165 679 294 743 diuinae
317 679 544 763 disputationis
566 680 742 763 expendat,
769 681 909 743 sectator
931 679 1032 745 caele-

62 765 170 847 stium,
188 764 299 828 deuius
316 765 519 847 caducorum,
540 765 568 829 is
584 785 711 849 quoque
726 763 767 827 ad
783 763 863 828 caeli
878 764 1032 828 uerticem

62 849 174 914 otiosis
211 849 385 913 uirtutibus
416 849 619 914 subuehetur.
664 870 760 932 saepe
787 852 898 912 tamen
926 849 1068 914 euenit?

61 938 99 998 ut
119 934 204 998 idem
231 937 344 1017 pectus
366 937 398 999 et
426 935 545 1018 agendi
567 937 600 998 et
628 933 1033 1018 disputandiperfectione

62 1018 197 1083 sublime
220 1020 278 1102 su,
303 1023 336 1084 et
359 1018 482 1084 caelum
504 1022 639 1103 utroque
662 1019 858 1101 adipiscatur
880 1019 1033 1083 exercitio

24 1104 228 1167 rouirtutum.
273 1103 430 1169 Romulus
453 1105 545 1168 nobis
567 1104 603 1168 in
624 1104 729 1188 primo
751 1124 869 1188 genere
894 1103 1069 1187 ponatur8

63 1189 152 1253 ouius
173 1189 242 1253 uita
263 1189 399 1254 uirtutes
421 1210 596 1273 numquam
619 1188 774 1271 deseruit,
798 1209 923 1272 semper
946 1209 1034 1252 exer·

63 1274 138 1355 cuit,
162 1273 197 1337 in
220 1275 359 1339 secundo
381 1273 595 1359 Pythagoras,
618 1275 672 1358 qui
695 1273 812 1358 agendi
827 1273 955 1337 nescius
969 1272 1034 1337 fuit

63 1358 180 1421 artifex
203 1358 380 1424 disserendi
402 1363 436 1423 et
457 1361 540 1424 solas
568 1359 734 1423 doctrinae
757 1361 789 1423 et
817 1357 1034 1423 conscientiae

61 1444 197 1506 uirtutes
227 1446 354 1508 secutus
384 1448 448 1527 est,
480 1443 580 1509 sitin
600 1445 697 1509 tertio
720 1465 758 1508 ac
785 1443 1034 1527 mixto-genere

24 1548 49 1590 15
63 1526 148 1610 apud
179 1526 318 1591 Graecos
347 1528 516 1613 Lycurgus
545 1531 578 1592 et
605 1527 718 1610 Solon,
751 1529 838 1593 inter
867 1527 1033 1592 Romanos

62 1611 170 1675 Numa
196 1610 334 1677 Catones
365 1613 459 1677 ambo
488 1613 643 1698 multique
673 1613 728 1677 alii
757 1614 812 1697 qui
838 1616 870 1676 et
895 1612 1033 1695 philoso-

60 1695 171 1780 phiam
193 1695 372 1761 hauserunt
392 1698 487 1763 altius
510 1702 543 1763 et
563 1698 802 1762 firmamentum
823 1696 870 1760 rei
884 1697 1034 1779 publicae

61 1781 528 1930 ctuttuuutuu
551 1783 829 1929 renutat-‘2
852 1780 1072 1949 diffidit

23 1972 49 2013 ao
62 1950 164 2032 igitur
187 1949 361 2014 Africanus
383 1953 503 2033 noster,
527 1970 622 2035 quem
642 1950 736 2014 modo
752 1971 830 2014 auus
846 1952 1035 2033 praeceptor

62 2032 216 2116 instituit,
240 2055 278 2097 cx
300 2032 356 2099 illo
384 2055 503 2119 genere
526 2036 681 2118 estquod
703 2035 797 2099 etde
819 2034 966 2098 doctrina
987 2036 1035 2098 ui-

62 2118 160 2182 uendi
180 2118 326 2202 regulam
348 2123 513 2184 mutuatur
535 2122 567 2184 et
589 2122 709 2183 statum
728 2119 893 2204 publicum
907 2119 1035 2183 uirtuti·

62 2204 122 2268 bus
151 2203 260 2286 fulcit,
291 2204 363 2268 ideo
393 2206 423 2269 ei
452 2204 659 2289 perfectionis
686 2203 836 2289 geminae
862 2207 1035 2288 praecepta

61 2289 267 2367 mandantur.
313 2289 368 2354 sed
390 2291 484 2354 utin
507 2289 621 2355 castris
642 2288 748 2354 locato
769 2310 807 2352 ao
829 2289 959 2353 sudanti
974 2289 1033 2352 sub
1045 2287 1087 2352 10

24 2395 50 2436 aa
64 2374 160 2438 armis
182 2374 322 2457 primum
336 2375 473 2440 uirtutes
494 2375 645 2460 politicae
667 2375 887 2459 suggeruntur
900 2374 951 2438 his
965 2395 1035 2437 uer-

62 2458 113 2522 bis
135 2462 228 2523 sunt
250 2463 379 2524 autem
401 2463 584 2544 optumae
615 2481 731 2524 curae
753 2459 796 2522 de
819 2458 948 2523 salute
970 2480 1034 2542 pa-

62 2543 169 2606 triae
191 2544 333 2627 quibus
355 2547 538 2631 agitatus
555 2548 594 2610 et
616 2545 864 2609 exercitatus
880 2545 1034 2607 animus

63 2627 244 2691 uelocius
266 2630 306 2693 in
328 2631 430 2696 hanc
452 2632 583 2695 sedem
605 2633 645 2694 et
667 2630 816 2694 domum
831 2649 939 2693 suam
953 2649 1035 2712 per·

64 2711 242 2776 uolabit.·
277 2714 392 2779 deinde
414 2716 506 2799 quasi
527 2737 594 2780 non
615 2715 721 2779 minus
736 2715 830 2779 docto
845 2735 942 2799 quam
956 2713 1034 2778 forti
1045 2711 1083 2776 11.

134 2953 147 3000 l
166 2944 260 3002 niholo
277 2951 367 3001 minus
381 2945 415 3000 B‘
467 2952 537 3004 nihil
555 2943 648 3003 homrr'r
662 2953 737 3020 calu,
756 2955 848 3004 deinde
860 2951 898 3017 (in
909 2952 977 3017 ras.)
990 2969 1033 3019 ce-

65 3019 106 3069 dit
123 3034 153 3068 m
165 3020 190 3068 P
257 3021 272 3068 2
292 3024 385 3084 quiete
405 3021 440 3070 P:
460 3025 567 3071 uirtute
587 3023 690 3084 (deinde
708 3037 726 3070 u
743 3027 840 3071 mutata
856 3023 884 3071 iu
901 3037 918 3086 q
936 3028 1034 3070 cetera·

65 3103 113 3153 que
131 3091 255 3138 elementa
272 3087 368 3152 deleta)
387 3087 414 3136 B
482 3091 592 3140 30124
610 3089 650 3140 set
672 3088 698 3137 B
766 3080 909 3140 derecr’*
927 3089 952 3137 P
1018 3089 1035 3137 6

61 3171 113 3220 pro
132 3153 230 3204 deuius
244 3161 304 3206 aute
323 3155 489 3206 caducorum
508 3159 615 3207 deletum
633 3156 667 3207 de
685 3157 742 3207 hur'
760 3159 786 3207 in
804 3156 830 3206 B
881 3155 925 3205 lus
944 3157 969 3205 P
1018 3157 1035 3206 8

64 3223 179 3273 sublime
197 3223 371 3288 perfectione
388 3223 415 3272 B
468 3227 499 3274 12
517 3225 679 3291 phitogoras
692 3225 725 3288 P,
744 3223 894 3290 pytagoras
908 3222 934 3271 B
1003 3224 1036 3272 14

64 3289 195 3357 sequutus
210 3293 234 3342 P
283 3295 365 3341 tertro
385 3292 506 3343 admixto
523 3291 550 3341 B
602 3294 634 3344 15
651 3292 776 3358 hcurgus
790 3292 815 3341 B
880 3292 911 3340 16
930 3290 1040 3341 catonis

64 3350 96 3408 P‘
166 3361 197 3410 17
216 3357 343 3410 auxeiP
392 3375 449 3409 rer·
477 3363 521 3410 ,Ρ
588 3363 621 3412 19
638 3360 768 3412 habunde
787 3360 812 3408 P
878 3356 912 3408 20
930 3361 981 3423 que
1000 3358 1036 3408 ad

64 3427 147 3477 modu
164 3434 192 3477 ut
208 3429 261 3480 uid.
279 3420 313 3477 1⁷
374 3430 407 3479 23
427 3377 510 3494 eii&
527 3429 552 3477 P
602 3444 711 3495 gemma
730 3425 913 3494 perfectronrs
927 3429 953 3478 P
1002 3427 1036 3476 25

64 3509 180 3559 pnmum
197 3494 318 3546 uirtutes
331 3494 418 3548 om.B
469 3497 502 3547 26
515 3500 617 3562 optimc
629 3496 680 3546 PB
731 3498 765 3549 29
781 3510 836 3546 non
854 3493 1035 3558 quasrncnR
