<?xml version="1.0" encoding="UTF-8"?>
<!DOCTYPE html PUBLIC "-//W3C//DTD XHTML 1.0 Transitional//EN"
    "http://www.w3.org/TR/xhtml1/DTD/xhtml1-transitional.dtd">
<html xmlns="http://www.w3.org/1999/xhtml" xml:lang="en" lang="en">
 <head>
  <title>
</title>
<meta http-equiv="Content-Type" content="text/html;charset=utf-8" />
  <meta name='ocr-system' content='tesseract 3.04.00' />
  <meta name='ocr-capabilities' content='ocr_page ocr_carea ocr_par ocr_line ocrx_word'/>
</head>
<body>
  <div class='ocr_page' id='page_1' title='image "./macrobivs00macrgoog_0424.png"; bbox 0 0 2362 3878; ppageno 0'>
   <div class='ocr_carea' id='block_1_1' title="bbox 480 178 1059 262">
    <p class='ocr_par' dir='ltr' id='par_1_1' title="bbox 480 178 1059 262">
     <span class='ocr_line' id='line_1_1' title="bbox 480 178 1059 262; baseline 0.005 -22"><span class='ocrx_word' id='word_1_1' title='bbox 480 193 550 262; x_wconf 84' lang='lat'>1111,</span> <span class='ocrx_word' id='word_1_2' title='bbox 568 187 662 238; x_wconf 80' lang='lat'>4-17</span> <span class='ocrx_word' id='word_1_3' title='bbox 995 178 1059 243; x_wconf 88' lang='grc'><strong>409</strong></span> 
     </span>
    </p>
   </div>
   <div class='ocr_carea' id='block_1_2' title="bbox 55 345 1167 3065">
    <p class='ocr_par' dir='ltr' id='par_1_2' title="bbox 55 345 1167 3065">
     <span class='ocr_line' id='line_1_2' title="bbox 95 345 1063 412; baseline 0.002 -2"><span class='ocrx_word' id='word_1_4' title='bbox 95 367 243 410; x_wconf 86' lang='lat' dir='ltr'><strong>sucorum</strong></span> <span class='ocrx_word' id='word_1_5' title='bbox 264 367 325 410; x_wconf 92' lang='lat' dir='ltr'><strong>nec</strong></span> <span class='ocrx_word' id='word_1_6' title='bbox 348 346 546 411; x_wconf 74' lang='lat' dir='ltr'><strong>concordant</strong></span> <span class='ocrx_word' id='word_1_7' title='bbox 566 345 715 410; x_wconf 90' lang='lat' dir='ltr'><strong>humores</strong></span> <span class='ocrx_word' id='word_1_8' title='bbox 739 367 778 410; x_wconf 84' lang='lat' dir='ltr'><strong>ex</strong></span> <span class='ocrx_word' id='word_1_9' title='bbox 791 347 946 412; x_wconf 87' lang='lat' dir='ltr'><strong>materiae</strong></span> <span class='ocrx_word' id='word_1_10' title='bbox 960 347 1063 412; x_wconf 89' lang='lat' dir='ltr'><strong>uarie·</strong></span> 
     </span>
     <span class='ocr_line' id='line_1_3' title="bbox 94 430 1063 516; baseline 0.002 -22"><span class='ocrx_word' id='word_1_11' title='bbox 94 434 161 497; x_wconf 85' lang='lat' dir='ltr'><strong>tate</strong></span> <span class='ocrx_word' id='word_1_12' title='bbox 183 434 354 496; x_wconf 87' lang='lat' dir='ltr'><strong>nascentes</strong></span> <span class='ocrx_word' id='word_1_13' title='bbox 376 452 436 495; x_wconf 89' lang='lat' dir='ltr'><strong>neo</strong></span> <span class='ocrx_word' id='word_1_14' title='bbox 459 430 606 495; x_wconf 82' lang='lat' dir='ltr'><strong>efficiunt</strong></span> <span class='ocrx_word' id='word_1_15' title='bbox 626 430 784 515; x_wconf 91' lang='lat' dir='ltr'><strong>liquidum</strong></span> <span class='ocrx_word' id='word_1_16' title='bbox 810 453 965 516; x_wconf 87' lang='lat' dir='ltr'><strong>purumue</strong></span> <span class='ocrx_word' id='word_1_17' title='bbox 991 454 1063 496; x_wconf 89' lang='lat' dir='ltr'><strong>san-</strong></span> 
     </span>
     <span class='ocr_line' id='line_1_4' title="bbox 94 515 1064 601; baseline 0.002 -22"><span class='ocrx_word' id='word_1_18' title='bbox 94 517 241 601; x_wconf 83' lang='lat' dir='ltr'><strong>guinem,</strong></span> <span class='ocrx_word' id='word_1_19' title='bbox 264 516 300 579; x_wconf 90' lang='lat' dir='ltr'><strong>in</strong></span> <span class='ocrx_word' id='word_1_20' title='bbox 323 537 417 600; x_wconf 90' lang='lat' dir='ltr'><strong>quem</strong></span> <span class='ocrx_word' id='word_1_21' title='bbox 438 515 553 580; x_wconf 85' lang='lat' dir='ltr'><strong>iecoris</strong></span> <span class='ocrx_word' id='word_1_22' title='bbox 575 515 754 580; x_wconf 90' lang='lat' dir='ltr'><strong>ministerio</strong></span> <span class='ocrx_word' id='word_1_23' title='bbox 776 517 947 580; x_wconf 90' lang='lat' dir='ltr'><strong>uertuntur</strong></span> <span class='ocrx_word' id='word_1_24' title='bbox 974 520 1006 581; x_wconf 91' lang='lat' dir='ltr'><strong>et</strong></span> <span class='ocrx_word' id='word_1_25' title='bbox 1028 517 1064 581; x_wconf 90' lang='lat' dir='ltr'><strong>in</strong></span> 
     </span>
     <span class='ocr_line' id='line_1_5' title="bbox 93 599 1063 666; baseline 0.001 -2"><span class='ocrx_word' id='word_1_26' title='bbox 93 622 193 665; x_wconf 89' lang='lat' dir='ltr'><strong>uenas</strong></span> <span class='ocrx_word' id='word_1_27' title='bbox 217 622 288 665; x_wconf 87' lang='lat' dir='ltr'><strong>oum</strong></span> <span class='ocrx_word' id='word_1_28' title='bbox 311 600 452 664; x_wconf 88' lang='lat' dir='ltr'><strong>tumultu</strong></span> <span class='ocrx_word' id='word_1_29' title='bbox 474 620 531 664; x_wconf 92' lang='lat' dir='ltr'><strong>suo</strong></span> <span class='ocrx_word' id='word_1_30' title='bbox 552 602 735 666; x_wconf 87' lang='lat' dir='ltr'><strong>transeunt.</strong></span> <span class='ocrx_word' id='word_1_31' title='bbox 780 599 858 665; x_wconf 89' lang='lat' dir='ltr'><strong>hinc</strong></span> <span class='ocrx_word' id='word_1_32' title='bbox 879 600 1063 665; x_wconf 87' lang='lat' dir='ltr'>morborum</span> 
     </span>
     <span class='ocr_line' id='line_1_6' title="bbox 68 684 1064 769; baseline 0.005 -25"><span class='ocrx_word' id='word_1_33' title='bbox 68 685 293 769; x_wconf 76' lang='lat' dir='ltr'><strong>secaturrigO,</strong></span> <span class='ocrx_word' id='word_1_34' title='bbox 336 685 391 769; x_wconf 92' lang='lat' dir='ltr'><strong>qui</strong></span> <span class='ocrx_word' id='word_1_35' title='bbox 427 706 465 749; x_wconf 85' lang='lat' dir='ltr'><strong>ex</strong></span> <span class='ocrx_word' id='word_1_36' title='bbox 503 706 580 769; x_wconf 91' lang='lat' dir='ltr'><strong>repu</strong></span> <span class='ocrx_word' id='word_1_37' title='bbox 630 685 754 749; x_wconf 90' lang='lat' dir='ltr'><strong>antium</strong></span> <span class='ocrx_word' id='word_1_38' title='bbox 797 684 859 749; x_wconf 88' lang='lat' dir='ltr'><strong>sibi</strong></span> <span class='ocrx_word' id='word_1_39' title='bbox 895 684 1064 749; x_wconf 87' lang='lat' dir='ltr'><strong>humorum</strong></span> 
     </span>
     <span class='ocr_line' id='line_1_7' title="bbox 94 768 1115 854; baseline 0.001 -21"><span class='ocrx_word' id='word_1_40' title='bbox 94 770 253 834; x_wconf 78' lang='lat' dir='ltr'><strong>discordia</strong></span> <span class='ocrx_word' id='word_1_41' title='bbox 274 772 463 834; x_wconf 88' lang='lat' dir='ltr'><strong>naseuntur.</strong></span> <span class='ocrx_word' id='word_1_42' title='bbox 508 768 583 833; x_wconf 90' lang='lat' dir='ltr'><strong>dein</strong></span> <span class='ocrx_word' id='word_1_43' title='bbox 606 790 623 833; x_wconf 90' lang='lat' dir='ltr'><strong>e</strong></span> <span class='ocrx_word' id='word_1_44' title='bbox 650 769 726 854; x_wconf 89' lang='lat' dir='ltr'><strong>quia</strong></span> <span class='ocrx_word' id='word_1_45' title='bbox 753 791 820 834; x_wconf 91' lang='lat' dir='ltr'><strong>non</strong></span> <span class='ocrx_word' id='word_1_46' title='bbox 846 769 954 833; x_wconf 90' lang='lat' dir='ltr'><strong>omnia</strong></span> <span class='ocrx_word' id='word_1_47' title='bbox 983 790 1063 853; x_wconf 90' lang='lat' dir='ltr'><strong>quae</strong></span> <span class='ocrx_word' id='word_1_48' title='bbox 1075 768 1115 834; x_wconf 80' lang='lat'><strong>12</strong></span> 
     </span>
     <span class='ocr_line' id='line_1_8' title="bbox 95 853 1064 939; baseline 0.001 -21"><span class='ocrx_word' id='word_1_49' title='bbox 95 854 163 919; x_wconf 89' lang='lat' dir='ltr'><strong>esui</strong></span> <span class='ocrx_word' id='word_1_50' title='bbox 185 857 261 918; x_wconf 88' lang='lat' dir='ltr'><strong>sunt</strong></span> <span class='ocrx_word' id='word_1_51' title='bbox 282 876 347 918; x_wconf 90' lang='lat' dir='ltr'><strong>una</strong></span> <span class='ocrx_word' id='word_1_52' title='bbox 368 857 486 918; x_wconf 91' lang='lat' dir='ltr'><strong>natura</strong></span> <span class='ocrx_word' id='word_1_53' title='bbox 508 855 567 937; x_wconf 86' lang='lat' dir='ltr'><strong>est,</strong></span> <span class='ocrx_word' id='word_1_54' title='bbox 590 875 657 918; x_wconf 91' lang='lat' dir='ltr'><strong>non</strong></span> <span class='ocrx_word' id='word_1_55' title='bbox 677 853 786 919; x_wconf 89' lang='lat' dir='ltr'><strong>omnia</strong></span> <span class='ocrx_word' id='word_1_56' title='bbox 808 853 903 918; x_wconf 88' lang='lat' dir='ltr'><strong>simul</strong></span> <span class='ocrx_word' id='word_1_57' title='bbox 926 875 1064 939; x_wconf 89' lang='lat' dir='ltr'><strong>coquun-</strong></span> 
     </span>
     <span class='ocr_line' id='line_1_9' title="bbox 93 937 1064 1024; baseline -0.001 -20"><span class='ocrx_word' id='word_1_58' title='bbox 93 942 147 1004; x_wconf 92' lang='lat' dir='ltr'><strong>tur</strong></span> <span class='ocrx_word' id='word_1_59' title='bbox 169 939 225 1003; x_wconf 90' lang='lat' dir='ltr'><strong>sed</strong></span> <span class='ocrx_word' id='word_1_60' title='bbox 248 937 310 1002; x_wconf 90' lang='lat' dir='ltr'><strong>alia</strong></span> <span class='ocrx_word' id='word_1_61' title='bbox 334 938 481 1023; x_wconf 86' lang='lat' dir='ltr'><strong>celerius,</strong></span> <span class='ocrx_word' id='word_1_62' title='bbox 505 938 627 1002; x_wconf 88' lang='lat' dir='ltr'><strong>tardius</strong></span> <span class='ocrx_word' id='word_1_63' title='bbox 650 938 714 1002; x_wconf 89' lang='lat' dir='ltr'><strong>alia</strong></span> <span class='ocrx_word' id='word_1_64' title='bbox 736 941 769 1003; x_wconf 90' lang='lat' dir='ltr'><strong>et</strong></span> <span class='ocrx_word' id='word_1_65' title='bbox 790 939 838 1003; x_wconf 90' lang='lat' dir='ltr'><strong>ita</strong></span> <span class='ocrx_word' id='word_1_66' title='bbox 859 938 897 1002; x_wconf 91' lang='lat' dir='ltr'><strong>fit</strong></span> <span class='ocrx_word' id='word_1_67' title='bbox 917 943 955 1003; x_wconf 93' lang='lat' dir='ltr'><strong>ut</strong></span> <span class='ocrx_word' id='word_1_68' title='bbox 977 939 1064 1024; x_wconf 87' lang='lat' dir='ltr'><strong>dige-</strong></span> 
     </span>
     <span class='ocr_line' id='line_1_10' title="bbox 94 1021 1116 1108; baseline -0.002 -21"><span class='ocrx_word' id='word_1_69' title='bbox 94 1024 236 1088; x_wconf 86' lang='lat' dir='ltr'><strong>stionum</strong></span> <span class='ocrx_word' id='word_1_70' title='bbox 259 1024 461 1107; x_wconf 87' lang='lat' dir='ltr'><strong>sequentium</strong></span> <span class='ocrx_word' id='word_1_71' title='bbox 482 1023 559 1088; x_wconf 82' lang='lat' dir='ltr'><strong>ordo</strong></span> <span class='ocrx_word' id='word_1_72' title='bbox 581 1023 739 1088; x_wconf 86' lang='lat' dir='ltr'><strong>turbetur.</strong></span> <span class='ocrx_word' id='word_1_73' title='bbox 773 1044 877 1108; x_wconf 90' lang='lat' dir='ltr'><strong>neque</strong></span> <span class='ocrx_word' id='word_1_74' title='bbox 892 1023 978 1088; x_wconf 90' lang='lat' dir='ltr'><strong>enim</strong></span> <span class='ocrx_word' id='word_1_75' title='bbox 1002 1024 1065 1089; x_wconf 86' lang='lat' dir='ltr'><strong>eibi</strong></span> <span class='ocrx_word' id='word_1_76' title='bbox 1075 1021 1116 1086; x_wconf 83' lang='lat'><strong>13</strong></span> 
     </span>
     <span class='ocr_line' id='line_1_11' title="bbox 56 1108 1063 1207; baseline 0 -35"><span class='ocrx_word' id='word_1_77' title='bbox 56 1127 81 1165; x_wconf 88' lang='lat'><strong>10</strong></span> <span class='ocrx_word' id='word_1_78' title='bbox 94 1130 188 1193; x_wconf 91' lang='lat' dir='ltr'><strong>quem</strong></span> <span class='ocrx_word' id='word_1_79' title='bbox 203 1109 356 1207; x_wconf 84' lang='lat' dir='ltr'><strong>sumimus</strong></span> <span class='ocrx_word' id='word_1_80' title='bbox 371 1130 436 1173; x_wconf 92' lang='lat' dir='ltr'><strong>una</strong></span> <span class='ocrx_word' id='word_1_81' title='bbox 447 1108 589 1206; x_wconf 72' lang='lat' dir='ltr'><strong>⁸digestio</strong></span> <span class='ocrx_word' id='word_1_82' title='bbox 605 1111 654 1172; x_wconf 91' lang='lat' dir='ltr'><strong>est</strong></span> <span class='ocrx_word' id='word_1_83' title='bbox 668 1108 734 1194; x_wconf 85' lang='lat' dir='ltr'><strong>sed,</strong></span> <span class='ocrx_word' id='word_1_84' title='bbox 747 1111 784 1173; x_wconf 93' lang='lat' dir='ltr'><strong>ut</strong></span> <span class='ocrx_word' id='word_1_85' title='bbox 799 1129 913 1192; x_wconf 85' lang='lat' dir='ltr'><strong>eorpus</strong></span> <span class='ocrx_word' id='word_1_86' title='bbox 928 1109 1063 1194; x_wconf 85' lang='lat' dir='ltr'><strong>nutriat,</strong></span> 
     </span>
     <span class='ocr_line' id='line_1_12' title="bbox 93 1193 1065 1363; baseline 0.001 -22"><span class='ocrx_word' id='word_1_87' title='bbox 93 1193 1065 1363; x_wconf 50' lang='lat' dir='ltr'><strong>trittqttttdttttssdnttdtdetumeat</strong></span> 
     </span>
     <span class='ocr_line' id='line_1_13' title="bbox 94 1361 1065 1447; baseline 0.001 -21"><span class='ocrx_word' id='word_1_88' title='bbox 94 1363 133 1426; x_wconf 92' lang='lat' dir='ltr'><strong>de</strong></span> <span class='ocrx_word' id='word_1_89' title='bbox 157 1362 316 1427; x_wconf 73' lang='lat' dir='ltr'><strong>rehendit.</strong></span> <span class='ocrx_word' id='word_1_90' title='bbox 356 1363 439 1447; x_wconf 92' lang='lat' dir='ltr'><strong>quod</strong></span> <span class='ocrx_word' id='word_1_91' title='bbox 454 1367 491 1427; x_wconf 92' lang='lat' dir='ltr'><strong>ut</strong></span> <span class='ocrx_word' id='word_1_92' title='bbox 513 1362 661 1427; x_wconf 91' lang='lat' dir='ltr'><strong>omnibus</strong></span> <span class='ocrx_word' id='word_1_93' title='bbox 688 1363 826 1447; x_wconf 86' lang='lat' dir='ltr'><strong>liqueat,</strong></span> <span class='ocrx_word' id='word_1_94' title='bbox 850 1361 946 1447; x_wconf 90' lang='lat' dir='ltr'><strong>paulo</strong></span> <span class='ocrx_word' id='word_1_95' title='bbox 970 1362 1065 1427; x_wconf 87' lang='lat' dir='ltr'><strong>altius</strong></span> 
     </span>
     <span class='ocr_line' id='line_1_14' title="bbox 94 1443 1116 1532; baseline -0.002 -22"><span class='ocrx_word' id='word_1_96' title='bbox 94 1448 136 1510; x_wconf 85' lang='lat' dir='ltr'><strong>m&#39;</strong></span> <span class='ocrx_word' id='word_1_97' title='bbox 162 1448 174 1510; x_wconf 91' lang='lat' dir='ltr'><strong>i</strong></span> <span class='ocrx_word' id='word_1_98' title='bbox 198 1468 293 1510; x_wconf 90' lang='lat' dir='ltr'><strong>causa</strong></span> <span class='ocrx_word' id='word_1_99' title='bbox 321 1448 496 1531; x_wconf 89' lang='lat' dir='ltr'><strong>repetenda</strong></span> <span class='ocrx_word' id='word_1_100' title='bbox 525 1450 585 1511; x_wconf 89' lang='lat' dir='ltr'><strong>est.</strong></span> <span class='ocrx_word' id='word_1_101' title='bbox 637 1451 790 1532; x_wconf 88' lang='lat' dir='ltr'><strong>quattuor</strong></span> <span class='ocrx_word' id='word_1_102' title='bbox 817 1450 894 1512; x_wconf 90' lang='lat' dir='ltr'><strong>sunt</strong></span> <span class='ocrx_word' id='word_1_103' title='bbox 914 1447 950 1511; x_wconf 93' lang='lat' dir='ltr'><strong>in</strong></span> <span class='ocrx_word' id='word_1_104' title='bbox 972 1443 1116 1512; x_wconf 81' lang='lat' dir='ltr'><strong>nobis14</strong></span> 
     </span>
     <span class='ocr_line' id='line_1_15' title="bbox 56 1531 1063 1617; baseline 0.006 -27"><span class='ocrx_word' id='word_1_105' title='bbox 56 1548 80 1588; x_wconf 78' lang='lat'><strong>15</strong></span> <span class='ocrx_word' id='word_1_106' title='bbox 93 1532 230 1595; x_wconf 91' lang='lat' dir='ltr'><strong>uirtutes</strong></span> <span class='ocrx_word' id='word_1_107' title='bbox 253 1553 333 1615; x_wconf 90' lang='lat' dir='ltr'><strong>quae</strong></span> <span class='ocrx_word' id='word_1_108' title='bbox 356 1531 646 1596; x_wconf 74' lang='lat' dir='ltr'><strong>administrandam</strong></span> <span class='ocrx_word' id='word_1_109' title='bbox 660 1532 847 1598; x_wconf 88' lang='lat' dir='ltr'><strong>alimoniam</strong></span> <span class='ocrx_word' id='word_1_110' title='bbox 861 1535 1063 1617; x_wconf 86' lang='lat' dir='ltr'><strong>receperunt,</strong></span> 
     </span>
     <span class='ocr_line' id='line_1_16' title="bbox 94 1616 1065 1702; baseline 0.004 -24"><span class='ocrx_word' id='word_1_111' title='bbox 94 1638 229 1700; x_wconf 89' lang='lat' dir='ltr'><strong>quarum</strong></span> <span class='ocrx_word' id='word_1_112' title='bbox 251 1638 316 1679; x_wconf 92' lang='lat' dir='ltr'><strong>una</strong></span> <span class='ocrx_word' id='word_1_113' title='bbox 338 1616 456 1680; x_wconf 89' lang='lat' dir='ltr'><strong>dicitur</strong></span> <span class='ocrx_word' id='word_1_114' title='bbox 477 1617 700 1700; x_wconf 75' lang='grc' dir='ltr'><strong><em>καθελκτική,</em></strong></span> <span class='ocrx_word' id='word_1_115' title='bbox 729 1639 810 1702; x_wconf 90' lang='lat' dir='ltr'><strong>quae</strong></span> <span class='ocrx_word' id='word_1_116' title='bbox 833 1617 979 1682; x_wconf 90' lang='lat' dir='ltr'><strong>deorsum</strong></span> <span class='ocrx_word' id='word_1_117' title='bbox 1001 1620 1065 1682; x_wconf 89' lang='lat' dir='ltr'><strong>tra·</strong></span> 
     </span>
     <span class='ocr_line' id='line_1_17' title="bbox 93 1700 1066 1785; baseline 0 -21"><span class='ocrx_word' id='word_1_118' title='bbox 93 1701 144 1764; x_wconf 91' lang='lat' dir='ltr'><strong>hit</strong></span> <span class='ocrx_word' id='word_1_119' title='bbox 173 1700 293 1765; x_wconf 87' lang='lat' dir='ltr'><strong>cibaria</strong></span> <span class='ocrx_word' id='word_1_120' title='bbox 323 1701 470 1765; x_wconf 84' lang='lat' dir='ltr'><strong>confecta</strong></span> <span class='ocrx_word' id='word_1_121' title='bbox 503 1700 709 1765; x_wconf 76' lang='lat' dir='ltr'><strong>mandibulis,</strong></span> <span class='ocrx_word' id='word_1_122' title='bbox 767 1702 843 1785; x_wconf 91' lang='lat' dir='ltr'><strong>quid</strong></span> <span class='ocrx_word' id='word_1_123' title='bbox 878 1702 964 1765; x_wconf 92' lang='lat' dir='ltr'><strong>enim</strong></span> <span class='ocrx_word' id='word_1_124' title='bbox 997 1704 1066 1765; x_wconf 90' lang='lat' dir='ltr'><strong>tam</strong></span> 
     </span>
     <span class='ocr_line' id='line_1_18' title="bbox 94 1785 1064 1868; baseline -0.001 -19"><span class='ocrx_word' id='word_1_125' title='bbox 94 1807 235 1850; x_wconf 84' lang='lat' dir='ltr'><strong>crassam</strong></span> <span class='ocrx_word' id='word_1_126' title='bbox 256 1786 424 1850; x_wconf 82' lang='lat' dir='ltr'><strong>materiam</strong></span> <span class='ocrx_word' id='word_1_127' title='bbox 445 1807 503 1868; x_wconf 90' lang='lat' dir='ltr'><strong>per</strong></span> <span class='ocrx_word' id='word_1_128' title='bbox 524 1785 666 1849; x_wconf 85' lang='lat' dir='ltr'><strong>faucium</strong></span> <span class='ocrx_word' id='word_1_129' title='bbox 688 1807 730 1848; x_wconf 89' lang='lat' dir='ltr'><strong>an</strong></span> <span class='ocrx_word' id='word_1_130' title='bbox 754 1788 828 1849; x_wconf 89' lang='lat' dir='ltr'><strong>usta</strong></span> <span class='ocrx_word' id='word_1_131' title='bbox 848 1785 978 1849; x_wconf 82' lang='lat' dir='ltr'><strong>fulciret</strong></span> <span class='ocrx_word' id='word_1_132' title='bbox 999 1785 1064 1849; x_wconf 88' lang='lat' dir='ltr'><strong>nisi</strong></span> 
     </span>
     <span class='ocr_line' id='line_1_19' title="bbox 93 1808 1116 1934; baseline -0.001 -1"><span class='ocrx_word' id='word_1_133' title='bbox 93 1892 165 1933; x_wconf 86' lang='lat' dir='ltr'><strong>earn</strong></span> <span class='ocrx_word' id='word_1_134' title='bbox 186 1870 235 1933; x_wconf 87' lang='lat' dir='ltr'><strong>uis</strong></span> <span class='ocrx_word' id='word_1_135' title='bbox 258 1873 393 1933; x_wconf 88' lang='lat' dir='ltr'><strong>naturae</strong></span> <span class='ocrx_word' id='word_1_136' title='bbox 415 1869 569 1934; x_wconf 87' lang='lat' dir='ltr'><strong>occultior</strong></span> <span class='ocrx_word' id='word_1_137' title='bbox 590 1808 757 1933; x_wconf 49' lang='lat' dir='ltr'><strong>hauriretd</strong></span> <span class='ocrx_word' id='word_1_138' title='bbox 789 1868 905 1933; x_wconf 88' lang='lat' dir='ltr'><strong>hausta</strong></span> <span class='ocrx_word' id='word_1_139' title='bbox 928 1890 1004 1934; x_wconf 89' lang='lat' dir='ltr'><strong>uero</strong></span> <span class='ocrx_word' id='word_1_140' title='bbox 1026 1874 1063 1934; x_wconf 92' lang='lat' dir='ltr'><strong>ut</strong></span> <span class='ocrx_word' id='word_1_141' title='bbox 1075 1865 1116 1932; x_wconf 82' lang='lat'><strong>15</strong></span> 
     </span>
     <span class='ocr_line' id='line_1_20' title="bbox 55 1953 1063 2038; baseline 0.005 -26"><span class='ocrx_word' id='word_1_142' title='bbox 55 1972 161 2017; x_wconf 82' lang='lat'>2011011</span> <span class='ocrx_word' id='word_1_143' title='bbox 184 1954 336 2017; x_wconf 88' lang='lat' dir='ltr'><strong>continuo</strong></span> <span class='ocrx_word' id='word_1_144' title='bbox 358 1954 452 2036; x_wconf 89' lang='lat' dir='ltr'><strong>lapsu</strong></span> <span class='ocrx_word' id='word_1_145' title='bbox 479 1974 537 2038; x_wconf 91' lang='lat' dir='ltr'><strong>per</strong></span> <span class='ocrx_word' id='word_1_146' title='bbox 559 1973 653 2017; x_wconf 92' lang='lat' dir='ltr'><strong>omne</strong></span> <span class='ocrx_word' id='word_1_147' title='bbox 683 1974 795 2036; x_wconf 88' lang='lat' dir='ltr'><strong>corpus</strong></span> <span class='ocrx_word' id='word_1_148' title='bbox 818 1953 1063 2017; x_wconf 87' lang='lat' dir='ltr'><strong>succedentibus</strong></span> 
     </span>
     <span class='ocr_line' id='line_1_21' title="bbox 95 2036 1064 2123; baseline -0.002 -21"><span class='ocrx_word' id='word_1_149' title='bbox 95 2037 156 2102; x_wconf 86' lang='lat' dir='ltr'><strong>sibi</strong></span> <span class='ocrx_word' id='word_1_150' title='bbox 181 2037 393 2102; x_wconf 84' lang='lat' dir='ltr'><strong>foraminibus</strong></span> <span class='ocrx_word' id='word_1_151' title='bbox 414 2038 560 2123; x_wconf 85' lang='lat' dir='ltr'><strong>peruium</strong></span> <span class='ocrx_word' id='word_1_152' title='bbox 582 2036 623 2100; x_wconf 87' lang='lat' dir='ltr'><strong>ad</strong></span> <span class='ocrx_word' id='word_1_153' title='bbox 637 2037 737 2100; x_wconf 89' lang='lat' dir='ltr'><strong>imum</strong></span> <span class='ocrx_word' id='word_1_154' title='bbox 751 2058 851 2121; x_wconf 86' lang='lat' dir='ltr'><strong>usque</strong></span> <span class='ocrx_word' id='word_1_155' title='bbox 867 2037 1064 2102; x_wconf 85' lang='lat' dir='ltr'><strong>descendant</strong></span> 
     </span>
     <span class='ocr_line' id='line_1_22' title="bbox 95 2120 1064 2206; baseline 0 -20"><span class='ocrx_word' id='word_1_156' title='bbox 95 2125 127 2186; x_wconf 88' lang='lat' dir='ltr'><strong>et</strong></span> <span class='ocrx_word' id='word_1_157' title='bbox 148 2121 228 2186; x_wconf 88' lang='lat' dir='ltr'><strong>talia</strong></span> <span class='ocrx_word' id='word_1_158' title='bbox 250 2121 358 2206; x_wconf 89' lang='lat' dir='ltr'><strong>qualia</strong></span> <span class='ocrx_word' id='word_1_159' title='bbox 381 2125 513 2206; x_wconf 85' lang='lat' dir='ltr'><strong>accepta</strong></span> <span class='ocrx_word' id='word_1_160' title='bbox 536 2124 612 2185; x_wconf 91' lang='lat' dir='ltr'><strong>sunt</strong></span> <span class='ocrx_word' id='word_1_161' title='bbox 640 2125 814 2206; x_wconf 80' lang='lat' dir='ltr'><strong>egerantur</strong></span> <span class='ocrx_word' id='word_1_162' title='bbox 840 2121 895 2185; x_wconf 90' lang='lat' dir='ltr'><strong>sed</strong></span> <span class='ocrx_word' id='word_1_163' title='bbox 923 2120 1064 2186; x_wconf 90' lang='lat' dir='ltr'><strong>salutare</strong></span> 
     </span>
     <span class='ocr_line' id='line_1_23' title="bbox 94 2204 1066 2291; baseline 0 -21"><span class='ocrx_word' id='word_1_164' title='bbox 94 2206 236 2271; x_wconf 85' lang='lat' dir='ltr'><strong>officium</strong></span> <span class='ocrx_word' id='word_1_165' title='bbox 265 2207 454 2291; x_wconf 85' lang='lat' dir='ltr'><strong>digestionis</strong></span> <span class='ocrx_word' id='word_1_166' title='bbox 483 2208 670 2290; x_wconf 84' lang='lat' dir='ltr'><strong>expectent,</strong></span> <span class='ocrx_word' id='word_1_167' title='bbox 704 2206 864 2271; x_wconf 88' lang='lat' dir='ltr'><strong>secundae</strong></span> <span class='ocrx_word' id='word_1_168' title='bbox 886 2204 966 2271; x_wconf 88' lang='lat' dir='ltr'><strong>haee</strong></span> <span class='ocrx_word' id='word_1_169' title='bbox 990 2227 1066 2270; x_wconf 86' lang='lat' dir='ltr'><strong>eura</strong></span> 
     </span>
     <span class='ocr_line' id='line_1_24' title="bbox 93 2290 1066 2376; baseline -0.001 -21"><span class='ocrx_word' id='word_1_170' title='bbox 93 2292 223 2356; x_wconf 89' lang='lat' dir='ltr'><strong>uirtutis</strong></span> <span class='ocrx_word' id='word_1_171' title='bbox 246 2295 304 2374; x_wconf 87' lang='lat' dir='ltr'><strong>est,</strong></span> <span class='ocrx_word' id='word_1_172' title='bbox 322 2313 418 2376; x_wconf 87' lang='lat' dir='ltr'><strong>quam</strong></span> <span class='ocrx_word' id='word_1_173' title='bbox 430 2290 546 2357; x_wconf 78' lang='lat' dir='ltr'><strong>Graeci</strong></span> <span class='ocrx_word' id='word_1_174' title='bbox 568 2290 644 2375; x_wconf 90' lang='lat' dir='ltr'><strong>quia</strong></span> <span class='ocrx_word' id='word_1_175' title='bbox 666 2291 859 2356; x_wconf 84' lang='lat' dir='ltr'><strong>retentatrix</strong></span> <span class='ocrx_word' id='word_1_176' title='bbox 881 2293 930 2355; x_wconf 91' lang='lat' dir='ltr'><strong>est</strong></span> <span class='ocrx_word' id='word_1_177' title='bbox 944 2293 1066 2354; x_wconf 85' lang='lat' dir='ltr'><strong>uocant</strong></span> 
     </span>
     <span class='ocr_line' id='line_1_25' title="bbox 55 2373 1116 2460; baseline -0.004 -19"><span class='ocrx_word' id='word_1_178' title='bbox 55 2395 80 2434; x_wconf 75' lang='lat'><strong>25</strong></span> <span class='ocrx_word' id='word_1_179' title='bbox 94 2375 310 2460; x_wconf 73' lang='grc' dir='ltr'><strong><em>καθεκτικήν.</em></strong></span> <span class='ocrx_word' id='word_1_180' title='bbox 366 2377 463 2440; x_wconf 89' lang='lat' dir='ltr'><strong>tertia</strong></span> <span class='ocrx_word' id='word_1_181' title='bbox 495 2375 571 2460; x_wconf 88' lang='lat' dir='ltr'><strong>quia</strong></span> <span class='ocrx_word' id='word_1_182' title='bbox 596 2374 710 2440; x_wconf 86' lang='lat' dir='ltr'><strong>eibum</strong></span> <span class='ocrx_word' id='word_1_183' title='bbox 741 2375 777 2440; x_wconf 93' lang='lat' dir='ltr'><strong>in</strong></span> <span class='ocrx_word' id='word_1_184' title='bbox 815 2375 901 2439; x_wconf 90' lang='lat' dir='ltr'><strong>aliud</strong></span> <span class='ocrx_word' id='word_1_185' title='bbox 932 2397 970 2440; x_wconf 84' lang='lat' dir='ltr'><strong>ex</strong></span> <span class='ocrx_word' id='word_1_186' title='bbox 1002 2374 1064 2439; x_wconf 90' lang='lat' dir='ltr'><strong>alio</strong></span> <span class='ocrx_word' id='word_1_187' title='bbox 1076 2373 1116 2438; x_wconf 88' lang='grc'><strong>16</strong></span> 
     </span>
     <span class='ocr_line' id='line_1_26' title="bbox 93 2458 1064 2546; baseline -0.001 -21"><span class='ocrx_word' id='word_1_188' title='bbox 93 2465 207 2546; x_wconf 87' lang='lat' dir='ltr'><strong>mutat,</strong></span> <span class='ocrx_word' id='word_1_189' title='bbox 231 2465 367 2527; x_wconf 89' lang='lat' dir='ltr'><strong>uocatur</strong></span> <span class='ocrx_word' id='word_1_190' title='bbox 390 2458 602 2545; x_wconf 80' lang='grc' dir='ltr'><em>ἄλλοιωτική.</em></span> <span class='ocrx_word' id='word_1_191' title='bbox 638 2459 713 2524; x_wconf 88' lang='lat' dir='ltr'><strong>huic</strong></span> <span class='ocrx_word' id='word_1_192' title='bbox 735 2460 930 2524; x_wconf 90' lang='lat' dir='ltr'><strong>obsecuntur</strong></span> <span class='ocrx_word' id='word_1_193' title='bbox 944 2481 1064 2544; x_wconf 85' lang='lat' dir='ltr'><strong>omnes,</strong></span> 
     </span>
     <span class='ocr_line' id='line_1_27' title="bbox 94 2542 1113 2631; baseline 0 -23"><span class='ocrx_word' id='word_1_194' title='bbox 94 2547 169 2629; x_wconf 89' lang='lat' dir='ltr'><strong>quia</strong></span> <span class='ocrx_word' id='word_1_195' title='bbox 190 2549 261 2630; x_wconf 85' lang='lat' dir='ltr'><strong>ipsa</strong></span> <span class='ocrx_word' id='word_1_196' title='bbox 284 2546 517 2631; x_wconf 87' lang='lat' dir='ltr'><strong>digestionibus</strong></span> <span class='ocrx_word' id='word_1_197' title='bbox 534 2548 634 2610; x_wconf 86' lang='lat' dir='ltr'><strong>curat.</strong></span> <span class='ocrx_word' id='word_1_198' title='bbox 658 2545 782 2610; x_wconf 78' lang='lat' dir='ltr'><strong>uentris</strong></span> <span class='ocrx_word' id='word_1_199' title='bbox 797 2545 885 2610; x_wconf 89' lang='lat' dir='ltr'><strong>enim</strong></span> <span class='ocrx_word' id='word_1_200' title='bbox 905 2544 966 2608; x_wconf 91' lang='lat' dir='ltr'><strong>duo</strong></span> <span class='ocrx_word' id='word_1_201' title='bbox 987 2547 1063 2609; x_wconf 90' lang='lat' dir='ltr'><strong>sunt</strong></span> <span class='ocrx_word' id='word_1_202' title='bbox 1074 2542 1113 2608; x_wconf 76' lang='grc'><strong>17</strong></span> 
     </span>
     <span class='ocr_line' id='line_1_28' title="bbox 94 2629 1066 2716; baseline 0.001 -24"><span class='ocrx_word' id='word_1_203' title='bbox 94 2630 231 2712; x_wconf 86' lang='lat' dir='ltr'><strong>crificia,</strong></span> <span class='ocrx_word' id='word_1_204' title='bbox 261 2652 395 2714; x_wconf 90' lang='lat' dir='ltr'><strong>quorum</strong></span> <span class='ocrx_word' id='word_1_205' title='bbox 423 2631 567 2716; x_wconf 87' lang='lat' dir='ltr'><strong>superius</strong></span> <span class='ocrx_word' id='word_1_206' title='bbox 601 2632 744 2695; x_wconf 86' lang='lat' dir='ltr'><strong>ereetum</strong></span> <span class='ocrx_word' id='word_1_207' title='bbox 771 2629 887 2714; x_wconf 87' lang='lat' dir='ltr'><strong>recipit</strong></span> <span class='ocrx_word' id='word_1_208' title='bbox 913 2629 1066 2694; x_wconf 90' lang='lat' dir='ltr'><strong>deuorata</strong></span> 
     </span>
     <span class='ocr_line' id='line_1_29' title="bbox 95 2713 1067 2861; baseline 0.002 -85"><span class='ocrx_word' id='word_1_209' title='bbox 95 2716 127 2776; x_wconf 87' lang='lat' dir='ltr'><strong>et</strong></span> <span class='ocrx_word' id='word_1_210' title='bbox 141 2716 189 2810; x_wconf 28' lang='lat' dir='ltr'><strong>‘in</strong></span> <span class='ocrx_word' id='word_1_211' title='bbox 217 2713 328 2777; x_wconf 86' lang='lat' dir='ltr'><strong>follem</strong></span> <span class='ocrx_word' id='word_1_212' title='bbox 341 2717 476 2812; x_wconf 70' lang='lat' dir='ltr'><strong>⁸uentris</strong></span> <span class='ocrx_word' id='word_1_213' title='bbox 504 2715 660 2780; x_wconf 88' lang='lat' dir='ltr'><strong>recondit.</strong></span> <span class='ocrx_word' id='word_1_214' title='bbox 711 2714 766 2779; x_wconf 86' lang='lat' dir='ltr'><strong>hio</strong></span> <span class='ocrx_word' id='word_1_215' title='bbox 787 2717 843 2812; x_wconf 74' lang='lat' dir='ltr'><strong>¹est</strong></span> <span class='ocrx_word' id='word_1_216' title='bbox 871 2713 1067 2861; x_wconf 80' lang='lat' dir='ltr'><strong>stomachusi</strong></span> 
     </span>
     <span class='ocr_line' id='line_1_30' title="bbox 56 2797 1067 2968; baseline 0.003 -23"><span class='ocrx_word' id='word_1_217' title='bbox 56 2817 81 2857; x_wconf 73' lang='lat'><strong>³⁰</strong></span> <span class='ocrx_word' id='word_1_218' title='bbox 95 2797 411 2966; x_wconf 56' lang='grc' dir='ltr'><strong>ἓὲἰῃέἓῗῗέἒὲὲἓῗ</strong></span> <span class='ocrx_word' id='word_1_219' title='bbox 431 2800 509 2947; x_wconf 69' lang='lat' dir='ltr'><strong>ts</strong></span> <span class='ocrx_word' id='word_1_220' title='bbox 531 2801 917 2968; x_wconf 58' lang='lat' dir='ltr'><strong>tttgtattffttfflt</strong></span> <span class='ocrx_word' id='word_1_221' title='bbox 931 2820 1067 2967; x_wconf 53' lang='lat' dir='ltr'><strong>anat</strong></span> 
     </span>
     <span class='ocr_line' id='line_1_31' title="bbox 95 2966 1167 3065; baseline 0 -34"><span class='ocrx_word' id='word_1_222' title='bbox 95 2970 144 3031; x_wconf 89' lang='lat' dir='ltr'><strong>est</strong></span> <span class='ocrx_word' id='word_1_223' title='bbox 164 2966 327 3030; x_wconf 88' lang='lat' dir='ltr'><strong>titubante</strong></span> <span class='ocrx_word' id='word_1_224' title='bbox 350 2966 521 3032; x_wconf 90' lang='lat' dir='ltr'><strong>alimoniae</strong></span> <span class='ocrx_word' id='word_1_225' title='bbox 542 2969 666 3052; x_wconf 81' lang='lat' dir='ltr'><strong>meatu,</strong></span> <span class='ocrx_word' id='word_1_226' title='bbox 690 2968 741 3033; x_wconf 89' lang='lat' dir='ltr'><strong>cui</strong></span> <span class='ocrx_word' id='word_1_227' title='bbox 763 2971 880 3033; x_wconf 88' lang='lat' dir='ltr'><strong>natura</strong></span> <span class='ocrx_word' id='word_1_228' title='bbox 900 2969 1067 3052; x_wconf 82' lang='lat' dir='ltr'><strong>tamquam</strong></span> <span class='ocrx_word' id='word_1_229' title='bbox 1165 3058 1167 3065; x_wconf 26' lang='grc' dir='ltr'>Ι</span> 
     </span>
    </p>
   </div>
   <div class='ocr_carea' id='block_1_3' title="bbox 93 3219 1072 3426">
    <p class='ocr_par' dir='ltr' id='par_1_3' title="bbox 93 3219 1072 3426">
     <span class='ocr_line' id='line_1_32' title="bbox 162 3219 1072 3288; baseline -0.005 -13"><span class='ocrx_word' id='word_1_230' title='bbox 162 3221 349 3288; x_wconf 77' lang='lat' dir='ltr'><strong>thamorum]</strong></span> <span class='ocrx_word' id='word_1_231' title='bbox 381 3239 436 3285; x_wconf 64' lang='lat' dir='ltr'><strong>mo&gt;</strong></span> <span class='ocrx_word' id='word_1_232' title='bbox 459 3225 485 3274; x_wconf 93' lang='lat' dir='ltr'><em>P</em></span> <span class='ocrx_word' id='word_1_233' title='bbox 568 3225 583 3274; x_wconf 82' lang='grc'><strong>7</strong></span> <span class='ocrx_word' id='word_1_234' title='bbox 604 3222 643 3274; x_wconf 86' lang='lat' dir='ltr'><strong>est</strong></span> <span class='ocrx_word' id='word_1_235' title='bbox 660 3225 751 3275; x_wconf 87' lang='lat' dir='ltr'><strong>om.P</strong></span> <span class='ocrx_word' id='word_1_236' title='bbox 837 3227 869 3275; x_wconf 90' lang='lat'><strong>10</strong></span> <span class='ocrx_word' id='word_1_237' title='bbox 895 3219 1072 3272; x_wconf 64' lang='lat' dir='ltr'><strong>resumimus</strong></span> 
     </span>
     <span class='ocr_line' id='line_1_33' title="bbox 93 3283 1066 3406; baseline -0.004 -64"><span class='ocrx_word' id='word_1_238' title='bbox 93 3293 119 3342; x_wconf 91' lang='lat' dir='ltr'><em>P</em></span> <span class='ocrx_word' id='word_1_239' title='bbox 186 3294 217 3342; x_wconf 92' lang='lat'><strong>11</strong></span> <span class='ocrx_word' id='word_1_240' title='bbox 234 3296 350 3356; x_wconf 87' lang='lat' dir='ltr'><strong>quatuor</strong></span> <span class='ocrx_word' id='word_1_241' title='bbox 362 3283 395 3342; x_wconf 89' lang='lat' dir='ltr'><strong>P&#39;</strong></span> <span class='ocrx_word' id='word_1_242' title='bbox 480 3293 512 3342; x_wconf 80' lang='lat'><strong>16</strong></span> <span class='ocrx_word' id='word_1_243' title='bbox 534 3288 749 3344; x_wconf 79' lang='grc' dir='ltr'>ΚΑΘΕΛΚΤΙΚΗ</span> <span class='ocrx_word' id='word_1_244' title='bbox 768 3293 794 3342; x_wconf 90' lang='grc' dir='ltr'><strong><em>Ρ</em></strong></span> <span class='ocrx_word' id='word_1_245' title='bbox 872 3289 1001 3406; x_wconf 54' lang='grc' dir='ltr'><strong>2011ξρΐιι</strong></span> <span class='ocrx_word' id='word_1_246' title='bbox 1020 3289 1066 3352; x_wconf 77' lang='lat' dir='ltr'><strong>sup</strong></span> 
     </span>
     <span class='ocr_line' id='line_1_34' title="bbox 94 3357 1067 3426; baseline 0 -18"><span class='ocrx_word' id='word_1_247' title='bbox 94 3360 120 3408; x_wconf 94' lang='lat' dir='ltr'><strong><em>P</em></strong></span> <span class='ocrx_word' id='word_1_248' title='bbox 185 3362 217 3409; x_wconf 77' lang='lat'><strong>21</strong></span> <span class='ocrx_word' id='word_1_249' title='bbox 237 3359 367 3411; x_wconf 81' lang='lat' dir='ltr'><strong>descenffi</strong></span> <span class='ocrx_word' id='word_1_250' title='bbox 390 3359 457 3410; x_wconf 89' lang='lat' dir='ltr'><strong>dant</strong></span> <span class='ocrx_word' id='word_1_251' title='bbox 474 3357 509 3408; x_wconf 84' lang='lat' dir='ltr'><strong>P‘</strong></span> <span class='ocrx_word' id='word_1_252' title='bbox 582 3361 615 3410; x_wconf 81' lang='grc'><strong>22</strong></span> <span class='ocrx_word' id='word_1_253' title='bbox 643 3358 778 3426; x_wconf 84' lang='lat' dir='ltr'><strong>acceptas</strong></span> <span class='ocrx_word' id='word_1_254' title='bbox 799 3365 827 3409; x_wconf 76' lang='lat' dir='ltr'><strong>ut</strong></span> <span class='ocrx_word' id='word_1_255' title='bbox 851 3361 902 3409; x_wconf 82' lang='lat' dir='ltr'><strong>ard.</strong></span> <span class='ocrx_word' id='word_1_256' title='bbox 1031 3359 1067 3408; x_wconf 81' lang='lat'><strong>25</strong></span> 
     </span>
    </p>
   </div>
   <div class='ocr_carea' id='block_1_4' title="bbox 94 3425 1065 3560">
    <p class='ocr_par' dir='ltr' id='par_1_4' title="bbox 94 3425 1065 3560">
     <span class='ocr_line' id='line_1_35' title="bbox 94 3425 1065 3492; baseline 0.001 -17"><span class='ocrx_word' id='word_1_257' title='bbox 94 3431 179 3476; x_wconf 78' lang='lat' dir='ltr'><strong>tertia</strong></span> <span class='ocrx_word' id='word_1_258' title='bbox 197 3453 228 3464; x_wconf 90' lang='grc'><strong>-</strong></span> <span class='ocrx_word' id='word_1_259' title='bbox 246 3429 279 3476; x_wconf 90' lang='grc'><strong>26</strong></span> <span class='ocrx_word' id='word_1_260' title='bbox 301 3425 488 3492; x_wconf 85' lang='grc' dir='ltr'>ἀλλοτιωτική</span> <span class='ocrx_word' id='word_1_261' title='bbox 510 3443 556 3480; x_wconf 85' lang='lat' dir='ltr'><strong>om.</strong></span> <span class='ocrx_word' id='word_1_262' title='bbox 575 3429 601 3478; x_wconf 89' lang='lat' dir='ltr'><em>P</em></span> <span class='ocrx_word' id='word_1_263' title='bbox 684 3429 717 3479; x_wconf 88' lang='grc'><strong>26</strong></span> <span class='ocrx_word' id='word_1_264' title='bbox 740 3426 924 3492; x_wconf 85' lang='lat' dir='ltr'><strong>obsequuntur</strong></span> <span class='ocrx_word' id='word_1_265' title='bbox 946 3426 977 3487; x_wconf 89' lang='lat' dir='ltr'><strong>P,</strong></span> <span class='ocrx_word' id='word_1_266' title='bbox 1002 3425 1065 3476; x_wconf 84' lang='lat' dir='ltr'><strong>add.</strong></span> 
     </span>
     <span class='ocr_line' id='line_1_36' title="bbox 95 3495 311 3560; baseline 0.005 -15"><span class='ocrx_word' id='word_1_267' title='bbox 95 3495 311 3560; x_wconf 71' lang='lat' dir='ltr'><strong>Cantabrigienata</strong></span> 
     </span>
    </p>
   </div>
   <div class='ocr_carea' id='block_1_5' title="bbox 0 0 1218 3878">
    <p class='ocr_par' dir='ltr' id='par_1_5' title="bbox 0 0 1218 3878">
     <span class='ocr_line' id='line_1_37' title="bbox 0 0 1218 3878; baseline 0 0"><span class='ocrx_word' id='word_1_268' title='bbox 0 0 1218 3878; x_wconf 95' lang='lat' dir='ltr'><strong> </strong></span> 
     </span>
    </p>
   </div>
  </div>
 </body>
</html>
