2362 3878
138 181 219 259 ‘414
566 209 727 256 immun

197 361 339 428 κύνισόν
360 358 391 427 τ’
415 358 475 445 ἠδὲ
504 361 638 446 σφάκον
666 358 776 445 addida]
805 360 861 426 καί
889 364 1036 445 σμίλακα
1064 359 1127 446 τὴν

766 445 1004 530 αολύφνλλον,

196 531 335 598 κότινον
357 539 475 614 σχῖνον
496 533 616 614 μελίαν
637 530 785 614 πεύκην,
808 529 909 595 ἁλίαν
931 531 1035 615 δρῦν,
1060 556 1127 597 κιτ-

764 613 825 681 τὸν
848 615 966 700 ἐρίκην

197 699 374 785 πρόμαλον
384 701 515 785 ῥάμνον
526 700 661 785 φλόμον
675 697 862 785 ἄνθερικόν
876 697 1000 765 κιοθόν
1013 701 1152 786 φηγόνο

765 786 861 869 θύμα
882 785 1056 870 θύμβραν.

153 870 323 935 uideturne
356 870 447 935 uobis
480 870 623 935 ciborum
658 871 723 935 ista
759 870 949 955 simplicitas
986 871 1038 935 ubi
1076 876 1126 936 tot

155 959 383 1020 enumerantur
414 955 466 1019 uel
501 955 633 1019 arbusta
665 956 718 1020 uel
749 955 882 1020 frutices
915 977 983 1020 non
1018 956 1125 1021 minus

105 1042 145 1106 10
154 1062 229 1106 suco
252 1041 378 1105 diuersa
399 1062 496 1125 quam
517 1039 672 1105 nomine?
720 1040 805 1125 quod
827 1043 935 1105 autem
957 1063 1023 1105 non
1045 1041 1125 1105 faci-

153 1125 215 1189 lius
237 1126 357 1190 morbis
379 1125 525 1190 homines
547 1147 643 1210 quam
665 1126 804 1210 pecudes
826 1129 1034 1210 occupentur,
1057 1124 1163 1191 H0-10

153 1231 241 1275 mero
263 1214 345 1275 teste
368 1213 539 1275 contentus
561 1231 632 1275 sum
660 1211 715 1295 qui
735 1210 956 1295 pestilentiam
983 1211 1083 1275 refert
1106 1233 1125 1275 a

176 1294 327 1360 ecudibus
348 1295 551 1379 inchoatam,
582 1297 710 1380 quando
739 1295 869 1361 morbus
892 1299 1066 1379 antequam
1088 1297 1124 1359 in

152 1317 299 1443 domines
325 1383 434 1464 posset
460 1380 623 1464 inrepere,
658 1380 786 1445 facilius
820 1381 923 1463 captis
955 1380 1125 1464 pecoribus

66 1472 70 1479 '
104 1463 309 1529 llincubuit.
354 1465 410 1528 sed
432 1467 464 1529 et
486 1468 608 1549 quanta
630 1466 673 1530 sit
694 1465 791 1529 mutis
815 1465 1008 1530 animalibus
1034 1465 1124 1529 infir·

152 1548 249 1612 mitar
277 1548 363 1613 uitae
388 1549 530 1614 brenitas
552 1550 673 1614 indicio
695 1554 753 1615 cst.
799 1550 884 1634 quod
906 1550 993 1614 enim
1015 1570 1124 1613 eorum
1138 1567 1162 1608 1⁵

153 1633 269 1716 quibus
290 1633 408 1698 notitia
428 1635 522 1700 nobis
543 1634 579 1699 in
606 1657 666 1700 usu
688 1639 737 1699 est
757 1637 865 1720 potest
893 1655 994 1699 annos
1022 1633 1123 1697 homi-

153 1718 204 1781 nis
232 1718 393 1802 aequare?
440 1719 504 1784 nisi
530 1741 677 1784 resumas
704 1720 788 1784 forte
817 1721 857 1784 ad
890 1741 944 1801 ea,
972 1739 1054 1802 quae
1083 1719 1123 1782 de

75 1813 77 1818 '
154 1803 258 1867 coruis
300 1807 395 1888 atque
436 1805 617 1869 cornicibus
653 1804 801 1869 fabulosa
837 1803 1004 1886 dicuntur,
1042 1824 1122 1886 quos

152 1890 262 1952 tamen
284 1889 429 1954 uidemus
451 1889 599 1954 omnibus
621 1889 748 1954 inhiare
764 1888 973 1955 cadaueribus
994 1888 1122 1952 umuer-

153 1973 259 2057 sisque
288 1974 463 2040 seminibus
490 1974 653 2059 insidiari,
687 1975 811 2039 fructus
839 1974 990 2038 arborum
1017 1994 1122 2057 perse·
1136 1991 1161 2033 νο

153 2058 217 2142 qui.
267 2081 344 2124 nam
370 2082 437 2125 non
465 2060 571 2124 minus
598 2059 768 2125 edacitatis
797 2059 920 2143 habent
953 2080 1049 2143 quam
1083 2058 1123 2122 de

103 2141 372 2228 12longaeuitate
400 2166 508 2210 eorum
535 2145 646 2228 opinio
672 2144 847 2209 fabulatur.
897 2145 1073 2208 secundum
1096 2144 1123 2207 si

151 2227 234 2293 bene
261 2231 410 2295 recordor
438 2252 529 2295 exem
552 2229 619 2295 lum
646 2234 696 2294 est
723 2229 825 2293 solere
846 2229 987 2293 medicos
1016 2228 1123 2312 aegris

152 2313 331 2397 simplicem
359 2314 465 2379 cibum
498 2336 627 2398 oerre,
658 2335 726 2379 non
756 2314 899 2396 uarium,
933 2334 1007 2377 cum
1034 2312 1122 2376 hunc

152 2397 309 2482 offeratis,
339 2402 376 2463 ut
403 2399 533 2482 opinor,
562 2420 629 2464 non
657 2399 748 2484 quasi
776 2399 904 2483 digestu
930 2397 1120 2481 faciliorem,
1135 2414 1159 2455 as

152 2483 208 2546 sod
235 2482 326 2566 quasi
353 2483 460 2547 minus
488 2484 705 2581 adpetendum
731 2487 769 2547 ut
797 2483 928 2548 horrore
948 2480 1121 2546 uniformis

152 2565 324 2630 alimoniae
347 2566 461 2631 edendi
476 2567 668 2632 des1derium
689 2568 915 2653 languesceret
930 2568 1021 2652 quasi
1043 2567 1123 2630 mul-

150 2651 194 2714 tis
229 2651 464 2735 concoquendis
497 2674 554 2735 per
585 2652 808 2718 infirmitatem
840 2674 908 2717 non
940 2651 1123 2716 sufficiente

151 2737 278 2800 natura.
324 2735 396 2801 ideo
418 2737 518 2821 siquis
541 2738 798 2823 aegrescentium
818 2737 870 2801 uel
893 2738 932 2801 de
954 2738 1024 2820 ipso
1047 2737 1122 2799 sim-

150 2818 229 2968 tlt
250 2819 557 2972 tullutltlll
579 2821 1160 2992 salutassemus

102 2988 141 3055 13
151 2989 324 3073 quaeritur.
369 2991 453 3076 quod
474 2995 582 3058 autem
609 2992 645 3057 in
667 2992 789 3057 edendo
816 2991 901 3056 sicut
921 2991 958 3055 in
978 2991 1122 3075 potando

151 3074 263 3139 suades
285 3075 377 3140 uaria
398 3076 507 3160 uitari,
531 3077 631 3141 habet
644 3076 776 3141 latentis
800 3075 958 3160 captionis
973 3075 1120 3158 insidias,

150 3159 226 3244 quia
247 3160 377 3226 nomine
400 3161 620 3226 similitudinis
644 3161 814 3226 coloratur.
859 3163 1002 3226 ceterum
1023 3159 1121 3245 longe

219 3380 431 3451 macaron
451 3385 478 3434 Ρ
526 3381 838 3438 2ΠοΛΥΦΥΜοΝΡ
901 3380 1120 3436 beennon·

151 3450 292 3504 ΚΙΕΕΟΝ·
310 3452 336 3503 Ρ
404 3455 575 3519 131nr1pere
593 3454 619 3503 P
686 3453 718 3503 14
735 3452 830 3504 multus
844 3452 870 3503 P
929 3453 961 3502 16
981 3451 1020 3502 est
1038 3453 1123 3503 om.P

137 3523 175 3572 30
192 3517 307 3589 oppilat
323 3522 353 3574 P
419 3523 452 3576 31
471 3518 548 3590 ideo]
569 3519 589 3588 l3
600 3517 688 3588 adeol
704 3521 730 3571 P
