2362 3878
491 218 527 264 v1
535 249 544 282 ‚
567 209 660 262 9-16
996 199 1057 264 381

137 373 218 436 site
241 371 329 434 nulla
351 372 458 434 mouet
480 372 645 433 tantarum
668 369 770 453 gloria
790 390 906 449 rerum,

138 461 171 520 at
186 478 310 553 ramum
325 455 413 520 hunc
428 455 532 539 aperit
547 454 780 536 ramum-qui
797 453 880 517 forte
894 454 1059 518 latebat-

137 563 297 626 agnosels.

136 711 182 776 Vt
208 713 370 793 sceptrum
398 711 458 774 hoe
479 746 521 755 —
544 708 658 772 dextra
685 710 846 791 sceptrum
874 728 950 770 nam
977 689 1078 769 forte·

866 791 999 875 gerebat
1021 828 1061 837 —

137 902 312 964 numquam
335 878 448 942 fronde
471 877 547 942 leui.

97 981 205 1044 stilla
227 981 361 1045 mutatio
385 979 625 1063 elegantissima
648 982 755 1043 estut
777 978 815 1042 de
837 999 899 1061 quo
914 977 1062 1060 loqueba·
1074 978 1114 1041 14

97 1071 149 1129 tur
172 1066 276 1129 subito
300 1065 468 1147 adipsum
489 1064 588 1127 uerba
611 1066 812 1129 conuerteret

138 1172 175 1231 ut
196 1167 279 1231 bello
303 1167 449 1252 egregias
471 1166 556 1229 idem
579 1165 740 1230 disiecerit
761 1165 871 1246 urbes,

60 1274 83 1310 10
139 1252 330 1336 Troiamque
352 1251 600 1335 Oechaliamque
623 1253 655 1314 et
677 1250 771 1314 duros
793 1248 880 1312 mille
901 1249 1027 1312 labores

139 1358 215 1421 rege
239 1337 296 1400 sub
319 1336 501 1419 Eurystheo
522 1335 599 1399 fatis
621 1334 755 1399 Iunonis
777 1334 907 1417 iniquae

139 1421 307 1504 pertulerit
330 1424 366 1484 tu
387 1421 568 1504 nubigenas
589 1421 710 1484 inuicte
732 1419 924 1484 bimembres

100 1527 132 1586 et
154 1522 286 1606 reliqua.
323 1522 379 1585 illa
401 1543 477 1586 uero
499 1521 694 1586 intermissio
1076 1519 1115 1584 15

141 1647 219 1709 quos
234 1645 294 1709 ego
315 1663 357 1672 —
379 1624 434 1688 sed
454 1626 556 1694 motos
579 1620 723 1707 praestat
746 1644 924 1707 conponere
947 1621 1063 1685 fluetus

61 1746 84 1782 15
98 1730 204 1790 tracta
227 1729 276 1790 est
298 1748 317 1789 a
340 1725 556 1790 Demosthene
579 1721 654 1788 ἀλλ’
678 1725 753 1808 ἐμοὶ
774 1725 837 1807 μέν
859 1763 901 1771 -
924 1720 966 1786 οὐ
987 1724 1064 1804 βού-

99 1816 198 1901 λομαι,
221 1810 382 1893 δυσχερὲς
403 1807 507 1874 οὐδὲν
529 1810 638 1873 εἰπεῖν
660 1807 844 1892 ἀρχόμενος
865 1811 926 1870 τοῦ
948 1808 1064 1889 λόγου,

100 1901 198 1970 oneng
221 1893 253 1957 δ’
280 1895 317 1959 ἐκ
340 1895 537 1976 περιουσίας
559 1894 642 1975 ἐμοῦ
665 1902 855 1974 κατηγορεῖ.

99 1995 179 2059 haee
201 2016 276 2058 uero
299 2016 394 2077 quam
416 1993 542 2076 poetica
564 1993 747 2078 indignatio
902 2023 905 2031 ·
1077 1993 1116 2057 16

346 2100 403 2161 pro
425 2077 570 2160 Iuppiter
591 2076 653 2141 ibit

62 2184 87 2221 ‘zo
142 2164 194 2227 hie
218 2163 279 2243 ait,

100 2249 180 2312 haee
202 2247 365 2310 miseratio

143 2356 161 2397 0
183 2333 290 2416 patria
312 2354 330 2395 o
352 2332 438 2415 rapti
460 2332 654 2415 nequiquam
677 2352 716 2394 ex
738 2329 829 2397 hoste
852 2329 1005 2393 Penates!

10 2489 11 2493 ,
102 2422 133 2482 et
154 2419 209 2481 illa
231 2416 403 2501 trepidatio

144 2505 226 2566 ferte
250 2503 305 2566 1111
326 2502 448 2567 ferrum
471 2502 544 2566 date
566 2502 632 2566 tela
655 2504 688 2565 et
710 2500 855 2565 scandite
878 2520 1001 2582 mursa,

63 2605 88 2642 25
143 2587 245 2650 hostis
266 2587 372 2670 adest,

104 2674 135 2733 et
159 2672 344 2753 conquestio

145 2776 237 2817 mene
259 2755 358 2838 igitur
380 2757 500 2820 socium
522 2755 624 2821 tantis
647 2755 822 2840 adiungere
844 2753 955 2836 rebus,

173 2946 185 2992 1
205 2944 272 2991 Aen.
291 2943 329 2992 VI
347 2945 396 2993 405
465 2946 481 2994 4
499 2945 536 2998 ib.
556 2943 610 2993 XII
628 2945 678 2994 206
747 2947 763 2994 9
782 2944 818 2992 ib.
830 2943 898 2993 VIII
916 2945 967 2994 290
1036 2944 1068 2991 14

103 3012 140 3061 ib.
160 3012 174 3060 1
193 3013 241 3060 135
328 3010 411 3059 1511
430 3026 485 3061 eor.
504 3013 519 3072 ᾗ
538 3015 553 3062 3
641 3013 672 3062 19
690 3011 757 3062 Aen.
776 3011 833 3060 IIII
852 3013 901 3063 590
978 3012 1010 3061 22
1029 3009 1066 3059 ib.

104 3081 127 3127 V
146 3081 194 3129 632
263 3079 296 3126 11
314 3078 350 3127 ib.
370 3077 449 3127 VIIII
467 3082 499 3130 37
568 3081 600 3129 27
619 3079 656 3128 ib.
674 3078 755 3128 VIIII
775 3081 822 3130 199

172 3253 203 3299 11
222 3248 340 3298 heristeo
360 3248 384 3295 P
451 3249 484 3297 14
502 3251 638 3312 adponere
651 3239 683 3296 P'
735 3249 766 3298 15
785 3242 1069 3308 demosteneddltfi-

105 3315 169 3382 MOt
179 3312 624 3368 ΙΜΕΝΟΟΤΟΥΛΟΓΟΥΤΟΕΔΕ
648 3311 1069 3367 (ΥΒΟΥΛΟΓΟΥΛΛΙΔΥΕΧΕ-

106 3383 146 3435 ΡΕ
158 3384 160 3409 ¹
173 3380 653 3438 ΧΟΞΔΕΝΟΙΠΕΙΝΛΡΧΟΜΕΝΟ(
672 3380 866 3435 ΤΟΥΛΟΓΟΥ
885 3379 1005 3433 ΟΥΤΟ(
1023 3380 1068 3433 ΔΕ

104 3449 234 3569 perior
246 3452 249 3517 1
262 3448 438 3570 (ΙῙΑΙΕΕΜΟΥ
457 3448 646 3504 ΚΛΤΗΓΟΡΕΙ
665 3451 716 3518 hee
733 3453 759 3502 P
826 3454 858 3501 22
877 3467 892 3501 ο
911 3456 1003 3515 patna
1021 3467 1068 3500 om.

121 3522 130 3546 ’
181 3527 280 3585 penate
336 3513 342 3532 '
