2362 3878
433 180 493 246 vn,
518 174 626 226 11-11
967 170 1009 234 33

19 392 22 397 .
81 334 168 398 rocul
196 333 326 397 dubio
356 332 404 395 ad
436 333 691 415 prudentiam
723 335 832 419 regis
865 337 1007 401 soller-

10 453 23 493 =÷
74 418 203 504 iamque
226 417 490 482 referendum
516 421 592 501 est,
622 419 687 502 qui
716 421 755 482 et
781 423 1007 503 praeterita

11 537 21 577 ,1
61 507 169 568 nosset
197 506 236 568 et
266 502 411 566 futura
443 503 714 586 prospiceret,
750 504 856 568 sicut
883 507 1005 571 Ante-

10 622 18 661 ;,·
60 592 149 653 rorte
170 591 209 653 et
229 587 470 669 Postuorta,
495 587 732 652 diuinitatis
756 589 918 655 scilicet
941 613 1004 675 ap·

10 716 14 746 1
44 672 216 737 dissimae
246 671 431 754 comites,
461 672 562 754 apud
584 671 781 737 Romanos
809 673 1004 739 coluntur.

58 755 104 821 hic
121 759 249 843 igitur
270 756 408 839 Ianus,
433 777 515 821 cum
531 755 745 821 Saturnum
768 758 898 823 classe
949 760 1056 824 ‹rr-21

57 846 190 907 rectum
218 841 449 925 excepisset
475 839 651 925 hospitio
681 845 720 906 et
747 843 793 906 ab
821 864 862 907 eo
893 782 1005 909 edoc-

56 928 104 990 tus
130 927 322 1011 peritiam
357 927 462 989 ruris
495 925 621 988 ferum
652 926 766 990 illum
800 930 838 991 et
870 928 1004 993 rudem

56 1015 129 1075 ante
148 1011 291 1096 fruges
316 1011 504 1107 cognitas
526 1009 677 1074 uictum
698 1012 738 1074 in
761 1011 901 1076 melius
924 1014 1003 1077 red-

28 1096 202 1180 degisset,
236 1117 380 1179 regnr
413 1117 496 1158 eum
529 1095 728 1160 societate
763 1099 1000 1161 munerauit.

54 1183 297 1265 comprimus
354 1200 480 1263 uoque
509 1200 600 1243 aera
632 1180 832 1265 signaret,
868 1182 1053 1244 serua-22

52 1264 152 1330 uitet
172 1267 215 1330 in
235 1201 498 1329 hocSaturni
526 1265 794 1329 reuerentiam
821 1268 877 1349 ut,
908 1287 1000 1349 quo·

51 1349 139 1414 uiam
159 1350 231 1414 ille
253 1349 352 1413 naui
372 1348 505 1413 fuerat
526 1349 733 1432 aduectus,
759 1371 803 1413 ex
823 1371 899 1414 una
919 1351 1002 1434 qui-

51 1432 119 1498 dem
147 1438 265 1520 parte
299 1433 361 1497 sui
395 1434 542 1517 eapitis
576 1433 759 1519 effigies,
798 1457 842 1498 ex
875 1434 1002 1500 altera

23 1534 126 1584 suero
153 1520 271 1584 nauis
301 1519 609 1602 exprimeretur,
640 1541 713 1603 quo
736 1519 900 1584 Saturni
928 1542 1002 1583 me-

49 1605 198 1669 moriam
219 1605 262 1668 in
284 1606 468 1687 posteros
488 1607 744 1688 propagaret.
774 1626 827 1667 aes
842 1605 888 1668 ita
902 1605 1002 1669 fuisse

49 1688 196 1773 signatum
217 1688 377 1771 hodieque
398 1687 599 1772 intellegitur
619 1689 654 1752 in
675 1689 763 1753 aleae
784 1689 904 1772 lusum,
929 1712 1001 1754 cum

19 1842 25 1851 ,
48 1775 123 1855 pueri
137 1774 287 1839 denarios
302 1773 339 1835 in
355 1771 489 1837 sublime
504 1773 663 1837 iactantes
687 1775 822 1857 capita
845 1780 912 1838 1111
933 1797 995 1837 111-

50 1856 101 1921 uis
121 1859 193 1923 lusu
213 1861 300 1923 teste
322 1858 494 1921 uetustatis
517 1856 708 1921 exclamant.
754 1858 813 1922 hos
835 1880 901 1922 una
924 1858 1052 1922 eon-723

18 2006 21 2011 .
52 1943 203 2028 sordesque
225 1963 383 2027 regnasse
405 1942 577 2026 uicinaque
592 1942 710 2026 oppida
725 1943 886 2006 commrmi
904 1965 1000 2026 opera

49 2028 208 2092 condidisse
230 2029 363 2112 praeter
384 2026 568 2109 Maronem,
593 2028 647 2110 qui
669 2027 769 2089 refert

10 2182 13 2195 .
116 2128 296 2195 ianiculum
318 2128 408 2213 huie,
432 2127 480 2191 illi
501 2128 609 2191 fuerat
632 2126 783 2191 Saturnia
804 2148 923 2189 nomen

10 2214 15 2295 i
50 2228 130 2294 ctiam
143 2231 222 2296 illud
245 2233 282 2295 in
303 2233 454 2315 promptu
475 2233 524 2294 cst
547 2229 630 2313 quod
647 2228 768 2312 posteri
783 2250 907 2312 quoque
923 2228 999 2292 duos

10 2328 13 2335 ·
49 2312 85 2376 eir
104 2318 268 2380 continuos
291 2336 419 2379 menses
442 2315 605 2395 dicarunt,
629 2316 665 2377 ut
680 2313 858 2378 December
873 2335 1000 2378 sacrum

22 2394 170 2482 scamni,
182 2399 357 2464 Ianuarius
368 2399 500 2463 alterius
512 2398 704 2463 uocabulum
714 2399 900 2482 possideret.
920 2421 1001 2463 cum
1010 2398 1052 2461 ‘24

20 2504 24 2511 ·
48 2479 139 2548 inter
158 2484 258 2549 haec
282 2484 417 2555 subito
439 2483 634 2548 Saturnus
656 2505 732 2547 non
760 2485 1000 2568 comparuis-

10 2540 18 2687 {
49 2570 110 2651 set,
142 2569 400 2654 excogitauit
427 2568 549 2632 Ianus
576 2567 767 2632 honorum
795 2569 879 2631 eius
907 2591 999 2653 aug-

10 2698 13 2723 ,
48 2657 176 2718 menta.
231 2674 275 2718 ac
297 2653 465 2738 primum
492 2655 640 2716 terram
668 2674 818 2716 omnem
847 2652 1000 2716 dicioni

10 2726 16 2779 f
50 2754 127 2801 suae
147 2740 358 2822 parentem
379 2735 607 2802 Saturniam
629 2736 870 2801 nominauit:
894 2760 1000 2800 aram

10 2816 174 2903 preinde
203 2844 290 2887 cum
318 2823 447 2886 sacris
475 2826 673 2906 tamquam
698 2808 772 2884 deo
799 2822 997 2904 condidit,

10 2936 13 2977 ;
50 2922 131 2985 quae
157 2905 397 2972 Saturnalia·
424 2907 659 2969 nominauit.
704 2908 754 2969 tot
780 2906 915 2970 saeculis
944 2905 999 2970 Sa-

49 2988 170 3055 unalia
184 2991 384 3075 praecedunt
399 2990 565 3054 Romanae
579 2990 668 3054 urbis
684 2993 832 3055 aetatem.
865 2991 933 3056 obs
942 3012 999 3054 cr-

10 3146 12 3215 ἷ
103 3180 132 3228 aa
148 3181 233 3245 Verg.
251 3179 322 3233 Aen.
341 3179 408 3230 v111
425 3181 474 3231 aas

10 3272 12 3279 .
51 3274 234 3291 Q*-

104 3347 286 3414 Spqentram
303 3346 329 3397 B
384 3363 479 3399 aerum
498 3347 575 3398 illum
594 3340 626 3396 B'
678 3306 849 3413 siedrgrss&
866 3341 899 3397 B'
970 3313 1001 3394 10

10 3470 13 3483 Ι
52 3412 242 3468 remunerant
261 3414 442 3466 addinub
495 3418 527 3466 16
546 3416 595 3465 aes
609 3416 671 3465 BP:
691 3416 795 3467 haect
866 3412 1006 3468 Uinium

10 3506 16 3563 ';
53 3474 160 3534 bPzsum
178 3484 203 3535 B
283 3485 316 3532 27
333 3488 480 3548 augmenta
498 3484 536 3533 P,-
555 3490 736 3551 augmeutum
757 3487 791 3554 B,
810 3488 825 3540 1
845 3505 862 3540 a
881 3482 980 3538 oddo

10 3566 14 3603 ·²
84 3594 234 3631 urracam
250 3594 265 3627 r
840 3576 864 3642 3
