2362 3878
149 209 211 276 386
560 216 656 271 amai
672 224 709 271 vi

147 378 312 464 Vergilius
327 377 583 441 inamabilem
599 377 680 440 dixit
695 375 841 461 Stygiam
856 375 1016 459 paludem.
1039 398 1118 440 nam

148 465 232 528 sicut
253 462 506 527 inlaudatum
528 457 612 525 κατὰ
634 460 793 545 στέρησιν
814 460 934 544 laudis,
964 461 1010 524 ita
1032 461 1118 525 ina-

99 550 139 614 16
150 548 332 613 mabilem
349 568 407 631 per
422 547 538 610 amoris
554 545 714 629 στέρησιν
734 546 910 610 detestatus
927 549 985 609 est.
1017 545 1118 610 altero

148 631 241 697 modo
256 631 440 697 inlaudatus
462 632 509 695 ita
531 630 727 695 defenditur:
762 630 930 694 laudare
953 631 1120 715 signifieat

148 719 254 804 prisea
276 717 389 802 lingua
411 716 578 780 nominare
601 715 840 799 appellareque:
865 717 910 778 sic
932 715 967 778 in
986 716 1145 779 actioni-5

148 805 208 868 bus
224 803 371 868 ciuilibus
383 805 496 865 auctor
506 800 630 865 laudari
642 800 769 884 dieitur,
783 800 866 884 quod
881 803 930 864 est
944 802 1117 883 nominari,

148 888 332 952 inlaudatus
372 908 448 971 ergo
482 888 531 949 est
562 885 653 970 quasi
685 884 968 968 inlaudabilis,
1003 885 1034 949 id
1071 890 1120 950 est

148 993 358 1057 numquam
381 971 662 1053 nominandus,
693 969 787 1035 sicuti
809 969 971 1053 quondam
993 991 1012 1035 a
1036 992 1120 1034 com-

148 1058 239 1121 muni
268 1056 400 1121 consilio
427 1056 525 1119 Asiae
560 1056 723 1119 decretum
752 1057 801 1118 est
827 1055 875 1118 uti
903 1076 1022 1118 nomen
1050 1055 1119 1119 eius

149 1144 204 1226 qui
239 1140 395 1225 templum
430 1139 555 1204 Dianae
584 1139 745 1224 Ephesiae
781 1138 969 1203 incenderat
1004 1142 1119 1222 nequis
1135 1156 1159 1195 10

100 1228 138 1292 17
149 1227 214 1290 ullo
242 1227 277 1290 in
304 1229 449 1310 tempore
476 1225 670 1289 nominaret.
720 1224 854 1288 tertium
875 1226 975 1288 restat
1003 1243 1041 1286 ex
1067 1223 1120 1287 his

150 1332 230 1394 quae
244 1310 439 1393 reprehensa
454 1312 540 1391 sunt,
562 1309 646 1393 quod
668 1309 846 1373 tunicam
869 1308 1120 1392 squalentem

151 1416 245 1460 auro
267 1394 358 1458 dixit.
395 1395 426 1458 id
451 1398 559 1457 autem
581 1393 745 1479 significat
767 1394 892 1477 copiam
914 1393 1120 1457 densitatem-

150 1501 211 1563 que
233 1479 302 1542 auri
324 1479 359 1542 in
382 1499 585 1562 squamarum
607 1478 745 1561 speeiem
767 1478 895 1542 intexti.
932 1478 1120 1561 squalere

151 1564 237 1627 enim
269 1563 391 1627 dictum
424 1562 464 1626 ab
494 1584 697 1647 squamarum
735 1563 907 1627 crebritate
944 1563 1160 1646 asperitates

150 1669 227 1733 que,
250 1669 330 1732 quae
352 1648 387 1711 in
409 1651 594 1730 serpentum
616 1647 815 1732 pisciumque
839 1647 933 1711 coriis
958 1649 1118 1711 uisuntur.

101 1733 141 1799 18
151 1755 247 1818 quam
274 1754 342 1796 rem
370 1736 402 1797 et
430 1733 485 1796 alii
512 1736 544 1797 et
570 1732 624 1796 hic
651 1732 736 1796 idem
763 1735 858 1816 poeta
891 1731 969 1796 loeis
999 1731 1121 1816 aliquot

151 1819 350 1882 demonstrat

304 1908 411 1986 ‘quem
432 1902 537 1986 pellis'
561 1902 667 1987 inquit
689 1901 789 1965 ‘aenis

193 1988 228 2052 in
250 1989 393 2071 plumam
415 1987 555 2071 squamis
578 2008 654 2051 auro
678 1992 825 2050 conserta
846 1986 992 2071 tegebat’
1135 2002 1159 2042 20

155 2078 187 2138 et
210 2073 273 2137 alio
295 2073 365 2137 loco

193 2158 320 2242 iamque
344 2158 422 2221 adeo
444 2156 576 2220 rutilum
597 2156 731 2221 thoraca
753 2156 885 2220 indutus
908 2156 997 2220 aenis

193 2243 346 2306 horrebat
368 2264 383 2305 s
405 2242 519 2305 uamis

151 2328 270 2392 Accius
292 2327 327 2390 in
348 2263 511 2410 Pelopidis
533 2325 580 2389 ita
601 2325 714 2390 scribit

195 2412 262 2475 eius
285 2410 442 2494 serpentis
465 2431 615 2494 squamae
638 2409 783 2493 squalido
812 2431 888 2474 auro
917 2414 950 2474 et
979 2429 1120 2493 purpura
1134 2424 1159 2463 25

197 2498 394 2578 praetextae.

104 2578 306 2663 19quidquid
328 2578 429 2662 igitur
450 2577 547 2641 nimis
570 2577 767 2642 inculcatum
790 2578 928 2642 obsitum
951 2599 991 2642 ue
1014 2576 1121 2661 aliqua

152 2684 187 2727 re
209 2667 289 2745 erat,
313 2665 350 2726 ut
370 2662 530 2725 incuteret
544 2661 723 2726 uisentibus
738 2662 822 2726 facie
844 2684 929 2727 noua
967 2683 1120 2745 errorem,

151 2747 185 2812 id
212 2746 395 2830 squalere
425 2746 600 2812 dicebatur.
652 2747 755 2811 sicin
778 2747 963 2831 corporibus
988 2747 1121 2812 incultis

152 2831 391 2915 squamosisque
404 2831 469 2895 alta
485 2839 648 2930 congeries
665 2831 805 2897 sordium
828 2832 991 2917 squalor
1013 2831 1121 2916 appel·
1135 2848 1159 2888 so

151 2917 252 2999 latur,
278 2917 366 2980 cuius
389 2917 634 3001 significationis
657 2918 758 2981 multo
781 2917 970 3000 assiduoque
992 2939 1052 2980 usu
1074 2920 1121 2990 to-

150 3006 220 3065 tum
242 3001 273 3064 id
296 3001 431 3066 uerbum
452 3003 499 3066 ita
515 3002 769 3067 contaminatum
792 3003 984 3066 astutiam
1007 3023 1122 3086 squa-

221 3210 252 3258 19
270 3208 337 3258 Aen.
356 3206 397 3259 XI
415 3209 464 3258 770
532 3209 565 3258 22
583 3208 621 3258 ib.
641 3208 681 3258 XI
698 3210 748 3260 487
817 3210 850 3260 25
869 3223 895 3259 u.
915 3209 965 3259 517
982 3207 1064 3258 Ribb.

152 3328 294 3335 --.-
300 3328 356 3334 -..-

220 3389 538 3446 2σ13ΕΤΕΡΕΕΙΝΡ
605 3387 850 3445 tactionebusP'
937 3395 966 3444 11
989 3394 1124 3444 terciiiP

151 3465 185 3512 14
202 3462 323 3529 speciem
341 3478 388 3513 om.
401 3463 425 3512 Ρ
492 3463 525 3513 20
544 3461 669 3513 conserta
687 3479 733 3515 om.
751 3453 784 3513 P'
852 3465 885 3513 24
902 3461 1045 3528 Pelopidis
1065 3462 1122 3513 Gel-

139 3531 204 3582 lius:
222 3530 409 3601 pelopidibus
422 3531 449 3585 P
