<?xml version="1.0" encoding="UTF-8"?>
<!DOCTYPE html PUBLIC "-//W3C//DTD XHTML 1.0 Transitional//EN"
    "http://www.w3.org/TR/xhtml1/DTD/xhtml1-transitional.dtd">
<html xmlns="http://www.w3.org/1999/xhtml" xml:lang="en" lang="en">
 <head>
  <title>
</title>
<meta http-equiv="Content-Type" content="text/html;charset=utf-8" />
  <meta name='ocr-system' content='tesseract 3.04.00' />
  <meta name='ocr-capabilities' content='ocr_page ocr_carea ocr_par ocr_line ocrx_word'/>
</head>
<body>
  <div class='ocr_page' id='page_1' title='image "./macrobivs00macrgoog_0572.png"; bbox 0 0 2362 3878; ppageno 0'>
   <div class='ocr_carea' id='block_1_1' title="bbox 384 184 1064 272">
    <p class='ocr_par' dir='ltr' id='par_1_1' title="bbox 384 184 1064 272">
     <span class='ocr_line' id='line_1_1' title="bbox 384 184 1064 272; baseline -0.004 -19"><span class='ocrx_word' id='word_1_1' title='bbox 384 208 444 272; x_wconf 78' lang='lat' dir='ltr'>xri,</span> <span class='ocrx_word' id='word_1_2' title='bbox 461 199 580 254; x_wconf 71' lang='lat' dir='ltr'>arr—32.</span> <span class='ocrx_word' id='word_1_3' title='bbox 604 204 683 271; x_wconf 82' lang='lat' dir='ltr'>xxi,</span> <span class='ocrx_word' id='word_1_4' title='bbox 701 199 775 248; x_wconf 84' lang='lat'>1-2</span> <span class='ocrx_word' id='word_1_5' title='bbox 1000 184 1064 250; x_wconf 75' lang='lat'>559</span> 
     </span>
    </p>
   </div>
   <div class='ocr_carea' id='block_1_2' title="bbox 59 357 1123 1969">
    <p class='ocr_par' dir='ltr' id='par_1_2' title="bbox 96 357 1117 696">
     <span class='ocr_line' id='line_1_2' title="bbox 96 357 1067 442; baseline -0.002 -18"><span class='ocrx_word' id='word_1_6' title='bbox 96 360 208 424; x_wconf 87' lang='lat' dir='ltr'>nonies</span> <span class='ocrx_word' id='word_1_7' title='bbox 237 362 344 424; x_wconf 86' lang='lat' dir='ltr'>autem</span> <span class='ocrx_word' id='word_1_8' title='bbox 373 357 511 423; x_wconf 80' lang='lat' dir='ltr'>duodeni</span> <span class='ocrx_word' id='word_1_9' title='bbox 539 358 686 423; x_wconf 84' lang='lat' dir='ltr'>efficiunt</span> <span class='ocrx_word' id='word_1_10' title='bbox 715 361 844 422; x_wconf 90' lang='lat' dir='ltr'>centnm</span> <span class='ocrx_word' id='word_1_11' title='bbox 872 361 960 442; x_wconf 83' lang='lat' dir='ltr'>octe,</span> <span class='ocrx_word' id='word_1_12' title='bbox 995 360 1067 422; x_wconf 88' lang='lat' dir='ltr'>sine</span> 
     </span>
     <span class='ocr_line' id='line_1_3' title="bbox 96 443 1066 527; baseline -0.002 -18"><span class='ocrx_word' id='word_1_13' title='bbox 96 445 192 509; x_wconf 90' lang='lat' dir='ltr'>dubio</span> <span class='ocrx_word' id='word_1_14' title='bbox 215 445 291 508; x_wconf 90' lang='lat' dir='ltr'>solis</span> <span class='ocrx_word' id='word_1_15' title='bbox 314 446 486 508; x_wconf 75' lang='lat' dir='ltr'><strong>diametros</strong></span> <span class='ocrx_word' id='word_1_16' title='bbox 497 467 499 471; x_wconf 54' lang='lat'><em>⁴</em></span> <span class='ocrx_word' id='word_1_17' title='bbox 510 443 684 508; x_wconf 90' lang='lat' dir='ltr'>centesima</span> <span class='ocrx_word' id='word_1_18' title='bbox 701 446 733 506; x_wconf 91' lang='lat' dir='ltr'>et</span> <span class='ocrx_word' id='word_1_19' title='bbox 748 446 862 507; x_wconf 90' lang='lat' dir='ltr'>octaua</span> <span class='ocrx_word' id='word_1_20' title='bbox 876 466 951 527; x_wconf 89' lang='lat' dir='ltr'>pars</span> <span class='ocrx_word' id='word_1_21' title='bbox 966 444 1066 508; x_wconf 90' lang='lat' dir='ltr'>hemi-</span> 
     </span>
     <span class='ocr_line' id='line_1_4' title="bbox 97 528 1065 613; baseline -0.002 -19"><span class='ocrx_word' id='word_1_22' title='bbox 97 529 238 612; x_wconf 89' lang='lat' dir='ltr'>sphaerii</span> <span class='ocrx_word' id='word_1_23' title='bbox 260 529 504 613; x_wconf 86' lang='lat' dir='ltr'>aequinoctialis</span> <span class='ocrx_word' id='word_1_24' title='bbox 527 531 585 610; x_wconf 88' lang='lat' dir='ltr'>est,</span> <span class='ocrx_word' id='word_1_25' title='bbox 611 549 687 612; x_wconf 89' lang='lat' dir='ltr'>ergo</span> <span class='ocrx_word' id='word_1_26' title='bbox 709 530 807 592; x_wconf 88' lang='lat' dir='ltr'>totius</span> <span class='ocrx_word' id='word_1_27' title='bbox 824 528 1065 612; x_wconf 88' lang='lat' dir='ltr'>aequinoctialis</span> 
     </span>
     <span class='ocr_line' id='line_1_5' title="bbox 98 612 1117 696; baseline 0 -18"><span class='ocrx_word' id='word_1_28' title='bbox 98 615 208 678; x_wconf 87' lang='lat' dir='ltr'>circuli</span> <span class='ocrx_word' id='word_1_29' title='bbox 244 614 463 678; x_wconf 87' lang='lat' dir='ltr'>ducentesima</span> <span class='ocrx_word' id='word_1_30' title='bbox 490 616 581 677; x_wconf 88' lang='lat' dir='ltr'>sexta</span> <span class='ocrx_word' id='word_1_31' title='bbox 609 612 731 677; x_wconf 89' lang='lat' dir='ltr'>decima</span> <span class='ocrx_word' id='word_1_32' title='bbox 759 634 834 696; x_wconf 90' lang='lat' dir='ltr'>pars</span> <span class='ocrx_word' id='word_1_33' title='bbox 857 616 916 677; x_wconf 89' lang='lat' dir='ltr'>est.</span> <span class='ocrx_word' id='word_1_34' title='bbox 961 613 1117 696; x_wconf 76' lang='lat' dir='ltr'>ipsumdl</span> 
     </span>
    </p>

    <p class='ocr_par' dir='ltr' id='par_1_3' title="bbox 70 698 1069 1120">
     <span class='ocr_line' id='line_1_6' title="bbox 70 698 1067 763; baseline 0 -1"><span class='ocrx_word' id='word_1_35' title='bbox 70 703 205 763; x_wconf 67' lang='lat' dir='ltr'>sautem</span> <span class='ocrx_word' id='word_1_36' title='bbox 229 698 380 763; x_wconf 90' lang='lat' dir='ltr'>circulum</span> <span class='ocrx_word' id='word_1_37' title='bbox 402 699 521 762; x_wconf 89' lang='lat' dir='ltr'>habere</span> <span class='ocrx_word' id='word_1_38' title='bbox 544 698 719 761; x_wconf 90' lang='lat' dir='ltr'>stadiorum</span> <span class='ocrx_word' id='word_1_39' title='bbox 741 699 913 762; x_wconf 77' lang='lat' dir='ltr'>trecenties</span> <span class='ocrx_word' id='word_1_40' title='bbox 930 701 1067 762; x_wconf 87' lang='lat' dir='ltr'>centena</span> 
     </span>
     <span class='ocr_line' id='line_1_7' title="bbox 96 782 1069 867; baseline 0 -20"><span class='ocrx_word' id='word_1_41' title='bbox 96 783 186 847; x_wconf 90' lang='lat' dir='ltr'>milia</span> <span class='ocrx_word' id='word_1_42' title='bbox 209 787 242 846; x_wconf 91' lang='lat' dir='ltr'>et</span> <span class='ocrx_word' id='word_1_43' title='bbox 263 784 394 867; x_wconf 90' lang='lat' dir='ltr'>insuper</span> <span class='ocrx_word' id='word_1_44' title='bbox 427 786 557 848; x_wconf 90' lang='lat' dir='ltr'>centum</span> <span class='ocrx_word' id='word_1_45' title='bbox 580 786 613 846; x_wconf 91' lang='lat' dir='ltr'>et</span> <span class='ocrx_word' id='word_1_46' title='bbox 634 783 841 866; x_wconf 71' lang='lat' dir='ltr'>septuaginta</span> <span class='ocrx_word' id='word_1_47' title='bbox 864 782 953 846; x_wconf 88' lang='lat' dir='ltr'>milia</span> <span class='ocrx_word' id='word_1_48' title='bbox 976 786 1069 847; x_wconf 89' lang='lat' dir='ltr'>ante·</span> 
     </span>
     <span class='ocr_line' id='line_1_8' title="bbox 96 867 1069 952; baseline 0 -21"><span class='ocrx_word' id='word_1_49' title='bbox 96 869 171 932; x_wconf 87' lang='lat' dir='ltr'>latis</span> <span class='ocrx_word' id='word_1_50' title='bbox 193 868 365 951; x_wconf 89' lang='lat' dir='ltr'>probatum</span> <span class='ocrx_word' id='word_1_51' title='bbox 387 872 451 950; x_wconf 88' lang='lat' dir='ltr'>est,</span> <span class='ocrx_word' id='word_1_52' title='bbox 481 889 558 952; x_wconf 87' lang='lat' dir='ltr'>ergo</span> <span class='ocrx_word' id='word_1_53' title='bbox 586 869 613 931; x_wconf 88' lang='lat' dir='ltr'>si</span> <span class='ocrx_word' id='word_1_54' title='bbox 636 868 704 931; x_wconf 90' lang='lat' dir='ltr'>eins</span> <span class='ocrx_word' id='word_1_55' title='bbox 725 888 867 932; x_wconf 88' lang='lat' dir='ltr'>summae</span> <span class='ocrx_word' id='word_1_56' title='bbox 890 867 1069 932; x_wconf 89' lang='lat' dir='ltr'>ducentesi-</span> 
     </span>
     <span class='ocr_line' id='line_1_9' title="bbox 97 952 1069 1035; baseline -0.001 -19"><span class='ocrx_word' id='word_1_57' title='bbox 97 975 184 1016; x_wconf 86' lang='lat' dir='ltr'>mam</span> <span class='ocrx_word' id='word_1_58' title='bbox 206 955 331 1017; x_wconf 81' lang='lat' dir='ltr'>sextam</span> <span class='ocrx_word' id='word_1_59' title='bbox 353 954 510 1018; x_wconf 84' lang='lat' dir='ltr'>decimam</span> <span class='ocrx_word' id='word_1_60' title='bbox 533 952 786 1017; x_wconf 87' lang='lat' dir='ltr'>consideraueris</span> <span class='ocrx_word' id='word_1_61' title='bbox 808 956 949 1035; x_wconf 87' lang='lat' dir='ltr'>partem,</span> <span class='ocrx_word' id='word_1_62' title='bbox 978 973 1069 1016; x_wconf 88' lang='lat' dir='ltr'>men-</span> 
     </span>
     <span class='ocr_line' id='line_1_10' title="bbox 100 1037 1068 1120; baseline -0.002 -19"><span class='ocrx_word' id='word_1_63' title='bbox 100 1060 207 1102; x_wconf 88' lang='lat' dir='ltr'>suram</span> <span class='ocrx_word' id='word_1_64' title='bbox 235 1038 383 1102; x_wconf 88' lang='lat' dir='ltr'>diametri</span> <span class='ocrx_word' id='word_1_65' title='bbox 405 1037 481 1102; x_wconf 89' lang='lat' dir='ltr'>solis</span> <span class='ocrx_word' id='word_1_66' title='bbox 503 1038 660 1101; x_wconf 80' lang='lat' dir='ltr'>inuenies</span> <span class='ocrx_word' id='word_1_67' title='bbox 707 1041 756 1101; x_wconf 87' lang='lat' dir='ltr'>est</span> <span class='ocrx_word' id='word_1_68' title='bbox 785 1040 893 1100; x_wconf 90' lang='lat' dir='ltr'>autem</span> <span class='ocrx_word' id='word_1_69' title='bbox 915 1058 989 1120; x_wconf 88' lang='lat' dir='ltr'>pars</span> <span class='ocrx_word' id='word_1_70' title='bbox 1011 1037 1068 1100; x_wconf 88' lang='lat' dir='ltr'>illa</span> 
     </span>
    </p>

    <p class='ocr_par' dir='ltr' id='par_1_4' title="bbox 59 1122 1123 1543">
     <span class='ocr_line' id='line_1_11' title="bbox 59 1122 1068 1207; baseline 0.003 -25"><span class='ocrx_word' id='word_1_71' title='bbox 59 1141 85 1181; x_wconf 84' lang='lat'>10</span> <span class='ocrx_word' id='word_1_72' title='bbox 97 1123 164 1187; x_wconf 85' lang='lat' dir='ltr'>fere</span> <span class='ocrx_word' id='word_1_73' title='bbox 185 1123 221 1186; x_wconf 92' lang='lat' dir='ltr'>in</span> <span class='ocrx_word' id='word_1_74' title='bbox 237 1126 366 1187; x_wconf 88' lang='lat' dir='ltr'>centnm</span> <span class='ocrx_word' id='word_1_75' title='bbox 380 1122 596 1207; x_wconf 85' lang='lat' dir='ltr'>quadraginta</span> <span class='ocrx_word' id='word_1_76' title='bbox 610 1122 756 1204; x_wconf 87' lang='lat' dir='ltr'>milibus,</span> <span class='ocrx_word' id='word_1_77' title='bbox 780 1122 952 1185; x_wconf 85' lang='lat' dir='ltr'>diametros</span> <span class='ocrx_word' id='word_1_78' title='bbox 966 1122 1068 1206; x_wconf 88' lang='lat' dir='ltr'>igitur</span> 
     </span>
     <span class='ocr_line' id='line_1_12' title="bbox 97 1206 1068 1292; baseline -0.001 -21"><span class='ocrx_word' id='word_1_79' title='bbox 97 1208 173 1272; x_wconf 92' lang='lat' dir='ltr'>solis</span> <span class='ocrx_word' id='word_1_80' title='bbox 198 1213 326 1273; x_wconf 89' lang='lat' dir='ltr'>centum</span> <span class='ocrx_word' id='word_1_81' title='bbox 349 1208 565 1292; x_wconf 89' lang='lat' dir='ltr'>quadraginta</span> <span class='ocrx_word' id='word_1_82' title='bbox 585 1209 654 1272; x_wconf 87' lang='lat' dir='ltr'>fere</span> <span class='ocrx_word' id='word_1_83' title='bbox 669 1207 793 1271; x_wconf 92' lang='lat' dir='ltr'>milium</span> <span class='ocrx_word' id='word_1_84' title='bbox 807 1206 983 1270; x_wconf 89' lang='lat' dir='ltr'>stadiorum</span> <span class='ocrx_word' id='word_1_85' title='bbox 998 1228 1068 1271; x_wconf 89' lang='lat' dir='ltr'>esse</span> 
     </span>
     <span class='ocr_line' id='line_1_13' title="bbox 98 1289 1068 1377; baseline -0.001 -21"><span class='ocrx_word' id='word_1_86' title='bbox 98 1293 233 1358; x_wconf 89' lang='lat' dir='ltr'>dicenda</span> <span class='ocrx_word' id='word_1_87' title='bbox 260 1298 324 1376; x_wconf 89' lang='lat' dir='ltr'>est,</span> <span class='ocrx_word' id='word_1_88' title='bbox 358 1289 442 1357; x_wconf 91' lang='lat' dir='ltr'>unde</span> <span class='ocrx_word' id='word_1_89' title='bbox 470 1315 572 1377; x_wconf 87' lang='lat' dir='ltr'>paene</span> <span class='ocrx_word' id='word_1_90' title='bbox 600 1293 717 1376; x_wconf 88' lang='lat' dir='ltr'>duplex</span> <span class='ocrx_word' id='word_1_91' title='bbox 745 1314 842 1376; x_wconf 88' lang='lat' dir='ltr'>quam</span> <span class='ocrx_word' id='word_1_92' title='bbox 867 1295 973 1356; x_wconf 88' lang='lat' dir='ltr'>terrae</span> <span class='ocrx_word' id='word_1_93' title='bbox 1001 1291 1068 1355; x_wconf 88' lang='lat' dir='ltr'>dia·</span> 
     </span>
     <span class='ocr_line' id='line_1_14' title="bbox 97 1376 1123 1462; baseline -0.001 -22"><span class='ocrx_word' id='word_1_94' title='bbox 97 1381 216 1441; x_wconf 90' lang='lat' dir='ltr'>metros</span> <span class='ocrx_word' id='word_1_95' title='bbox 228 1377 403 1442; x_wconf 89' lang='lat' dir='ltr'>inuenitur.</span> <span class='ocrx_word' id='word_1_96' title='bbox 438 1382 565 1442; x_wconf 89' lang='lat' dir='ltr'>constat</span> <span class='ocrx_word' id='word_1_97' title='bbox 579 1381 685 1442; x_wconf 92' lang='lat' dir='ltr'>autem</span> <span class='ocrx_word' id='word_1_98' title='bbox 702 1376 915 1462; x_wconf 87' lang='lat' dir='ltr'>geometricae</span> <span class='ocrx_word' id='word_1_99' title='bbox 933 1376 1068 1440; x_wconf 88' lang='lat' dir='ltr'>rationis</span> <span class='ocrx_word' id='word_1_100' title='bbox 1077 1376 1123 1441; x_wconf 77' lang='lat'>32</span> 
     </span>
     <span class='ocr_line' id='line_1_15' title="bbox 100 1461 1067 1543; baseline -0.002 -17"><span class='ocrx_word' id='word_1_101' title='bbox 100 1462 261 1543; x_wconf 85' lang='lat' dir='ltr'>examine,</span> <span class='ocrx_word' id='word_1_102' title='bbox 293 1483 365 1526; x_wconf 89' lang='lat' dir='ltr'>cnm</span> <span class='ocrx_word' id='word_1_103' title='bbox 396 1463 434 1526; x_wconf 89' lang='lat' dir='ltr'>de</span> <span class='ocrx_word' id='word_1_104' title='bbox 462 1463 584 1527; x_wconf 87' lang='lat' dir='ltr'>duobus</span> <span class='ocrx_word' id='word_1_105' title='bbox 613 1463 742 1526; x_wconf 89' lang='lat' dir='ltr'>orbibus</span> <span class='ocrx_word' id='word_1_106' title='bbox 765 1462 867 1527; x_wconf 88' lang='lat' dir='ltr'>altera</span> <span class='ocrx_word' id='word_1_107' title='bbox 896 1461 1067 1526; x_wconf 89' lang='lat' dir='ltr'>diametros</span> 
     </span>
    </p>

    <p class='ocr_par' dir='ltr' id='par_1_5' title="bbox 60 1546 1068 1969">
     <span class='ocr_line' id='line_1_16' title="bbox 60 1546 1068 1630; baseline -0.002 -19"><span class='ocrx_word' id='word_1_108' title='bbox 60 1564 84 1603; x_wconf 82' lang='lat'>15</span> <span class='ocrx_word' id='word_1_109' title='bbox 99 1546 195 1630; x_wconf 92' lang='lat' dir='ltr'>duplo</span> <span class='ocrx_word' id='word_1_110' title='bbox 217 1547 352 1610; x_wconf 89' lang='lat' dir='ltr'>alteram</span> <span class='ocrx_word' id='word_1_111' title='bbox 373 1547 486 1629; x_wconf 87' lang='lat' dir='ltr'>uincit,</span> <span class='ocrx_word' id='word_1_112' title='bbox 510 1547 601 1611; x_wconf 91' lang='lat' dir='ltr'>illum</span> <span class='ocrx_word' id='word_1_113' title='bbox 624 1548 748 1630; x_wconf 92' lang='lat' dir='ltr'>orbem,</span> <span class='ocrx_word' id='word_1_114' title='bbox 779 1548 867 1612; x_wconf 90' lang='lat' dir='ltr'>cuius</span> <span class='ocrx_word' id='word_1_115' title='bbox 895 1546 1068 1611; x_wconf 87' lang='lat' dir='ltr'>diametros</span> 
     </span>
     <span class='ocr_line' id='line_1_17' title="bbox 98 1631 1068 1715; baseline -0.002 -20"><span class='ocrx_word' id='word_1_116' title='bbox 98 1631 196 1715; x_wconf 90' lang='lat' dir='ltr'>dupla</span> <span class='ocrx_word' id='word_1_117' title='bbox 224 1634 287 1713; x_wconf 90' lang='lat' dir='ltr'>est,</span> <span class='ocrx_word' id='word_1_118' title='bbox 317 1632 393 1695; x_wconf 90' lang='lat' dir='ltr'>orbe</span> <span class='ocrx_word' id='word_1_119' title='bbox 422 1632 522 1695; x_wconf 88' lang='lat' dir='ltr'>altero</span> <span class='ocrx_word' id='word_1_120' title='bbox 550 1632 650 1696; x_wconf 87' lang='lat' dir='ltr'>octies</span> <span class='ocrx_word' id='word_1_121' title='bbox 684 1653 752 1696; x_wconf 89' lang='lat' dir='ltr'>esse</span> <span class='ocrx_word' id='word_1_122' title='bbox 786 1633 954 1714; x_wconf 89' lang='lat' dir='ltr'>maiorem,</span> <span class='ocrx_word' id='word_1_123' title='bbox 991 1651 1068 1715; x_wconf 90' lang='lat' dir='ltr'>ergo</span> 
     </span>
     <span class='ocr_line' id='line_1_18' title="bbox 99 1715 1067 1781; baseline -0.002 -1"><span class='ocrx_word' id='word_1_124' title='bbox 99 1739 138 1780; x_wconf 86' lang='lat' dir='ltr'>ex</span> <span class='ocrx_word' id='word_1_125' title='bbox 159 1716 210 1780; x_wconf 89' lang='lat' dir='ltr'>his</span> <span class='ocrx_word' id='word_1_126' title='bbox 233 1716 402 1781; x_wconf 90' lang='lat' dir='ltr'>dicendum</span> <span class='ocrx_word' id='word_1_127' title='bbox 418 1719 467 1780; x_wconf 86' lang='lat' dir='ltr'>est</span> <span class='ocrx_word' id='word_1_128' title='bbox 482 1716 580 1781; x_wconf 90' lang='lat' dir='ltr'>solem</span> <span class='ocrx_word' id='word_1_129' title='bbox 595 1716 694 1781; x_wconf 87' lang='lat' dir='ltr'>octies</span> <span class='ocrx_word' id='word_1_130' title='bbox 716 1719 804 1780; x_wconf 88' lang='lat' dir='ltr'>terra</span> <span class='ocrx_word' id='word_1_131' title='bbox 818 1736 888 1780; x_wconf 89' lang='lat' dir='ltr'>esse</span> <span class='ocrx_word' id='word_1_132' title='bbox 903 1715 1067 1779; x_wconf 84' lang='lat' dir='ltr'>maiorem.</span> 
     </span>
     <span class='ocr_line' id='line_1_19' title="bbox 98 1798 1068 1886; baseline -0.001 -22"><span class='ocrx_word' id='word_1_133' title='bbox 98 1803 177 1866; x_wconf 89' lang='lat' dir='ltr'>haec</span> <span class='ocrx_word' id='word_1_134' title='bbox 200 1803 238 1865; x_wconf 89' lang='lat' dir='ltr'>de</span> <span class='ocrx_word' id='word_1_135' title='bbox 271 1801 346 1866; x_wconf 82' lang='lat' dir='ltr'>solis</span> <span class='ocrx_word' id='word_1_136' title='bbox 379 1801 603 1886; x_wconf 86' lang='lat' dir='ltr'>magnitudine</span> <span class='ocrx_word' id='word_1_137' title='bbox 635 1800 777 1863; x_wconf 90' lang='lat' dir='ltr'>breuiter</span> <span class='ocrx_word' id='word_1_138' title='bbox 808 1800 847 1863; x_wconf 91' lang='lat' dir='ltr'>de</span> <span class='ocrx_word' id='word_1_139' title='bbox 875 1798 985 1862; x_wconf 84' lang='lat' dir='ltr'>multis</span> <span class='ocrx_word' id='word_1_140' title='bbox 1016 1820 1068 1863; x_wconf 87' lang='lat' dir='ltr'>ex·</span> 
     </span>
     <span class='ocr_line' id='line_1_20' title="bbox 100 1887 414 1969; baseline -0.003 -19"><span class='ocrx_word' id='word_1_141' title='bbox 100 1889 210 1969; x_wconf 87' lang='lat' dir='ltr'>cerpta</span> <span class='ocrx_word' id='word_1_142' title='bbox 232 1887 414 1950; x_wconf 89' lang='lat' dir='ltr'>libauimus.</span> 
     </span>
    </p>
   </div>
   <div class='ocr_carea' id='block_1_3' title="bbox 61 2035 1124 3140">
    <p class='ocr_par' dir='ltr' id='par_1_6' title="bbox 61 2035 1124 2459">
     <span class='ocr_line' id='line_1_21' title="bbox 61 2035 1124 2121; baseline 0.008 -26"><span class='ocrx_word' id='word_1_143' title='bbox 61 2056 86 2095; x_wconf 83' lang='lat' dir='ltr'>ao</span> <span class='ocrx_word' id='word_1_144' title='bbox 165 2037 225 2102; x_wconf 80' lang='lat' dir='ltr'>Sed</span> <span class='ocrx_word' id='word_1_145' title='bbox 242 2038 392 2121; x_wconf 91' lang='lat' dir='ltr'>quoniam</span> <span class='ocrx_word' id='word_1_146' title='bbox 407 2040 530 2121; x_wconf 89' lang='lat' dir='ltr'>septem</span> <span class='ocrx_word' id='word_1_147' title='bbox 546 2035 699 2119; x_wconf 87' lang='lat' dir='ltr'>sphaeras</span> <span class='ocrx_word' id='word_1_148' title='bbox 712 2035 800 2100; x_wconf 89' lang='lat' dir='ltr'>caelo</span> <span class='ocrx_word' id='word_1_149' title='bbox 812 2036 949 2100; x_wconf 89' lang='lat' dir='ltr'>diximus</span> <span class='ocrx_word' id='word_1_150' title='bbox 964 2057 1033 2100; x_wconf 89' lang='lat' dir='ltr'>esse</span> <span class='ocrx_word' id='word_1_151' title='bbox 1041 2035 1124 2102; x_wconf 86' lang='lat' dir='ltr'>XXI</span> 
     </span>
     <span class='ocr_line' id='line_1_22' title="bbox 99 2121 1070 2205; baseline -0.001 -19"><span class='ocrx_word' id='word_1_152' title='bbox 99 2122 260 2187; x_wconf 87' lang='lat' dir='ltr'>subiectas</span> <span class='ocrx_word' id='word_1_153' title='bbox 294 2122 450 2186; x_wconf 85' lang='lat' dir='ltr'>exteriore</span> <span class='ocrx_word' id='word_1_154' title='bbox 484 2142 608 2205; x_wconf 91' lang='lat' dir='ltr'>quaque</span> <span class='ocrx_word' id='word_1_155' title='bbox 643 2142 722 2204; x_wconf 89' lang='lat' dir='ltr'>quas</span> <span class='ocrx_word' id='word_1_156' title='bbox 754 2121 891 2185; x_wconf 89' lang='lat' dir='ltr'>interius</span> <span class='ocrx_word' id='word_1_157' title='bbox 924 2121 1070 2185; x_wconf 87' lang='lat' dir='ltr'>continet</span> 
     </span>
     <span class='ocr_line' id='line_1_23' title="bbox 101 2205 1069 2291; baseline -0.002 -20"><span class='ocrx_word' id='word_1_158' title='bbox 101 2207 263 2271; x_wconf 87' lang='lat' dir='ltr'>ambiente</span> <span class='ocrx_word' id='word_1_159' title='bbox 285 2208 443 2291; x_wconf 82' lang='lat' dir='ltr'>longeque</span> <span class='ocrx_word' id='word_1_160' title='bbox 460 2209 492 2270; x_wconf 90' lang='lat' dir='ltr'>et</span> <span class='ocrx_word' id='word_1_161' title='bbox 507 2228 526 2270; x_wconf 93' lang='lat' dir='ltr'>a</span> <span class='ocrx_word' id='word_1_162' title='bbox 542 2205 629 2270; x_wconf 90' lang='lat' dir='ltr'>caelo</span> <span class='ocrx_word' id='word_1_163' title='bbox 652 2227 764 2270; x_wconf 88' lang='lat' dir='ltr'>omnes</span> <span class='ocrx_word' id='word_1_164' title='bbox 780 2209 813 2269; x_wconf 90' lang='lat' dir='ltr'>et</span> <span class='ocrx_word' id='word_1_165' title='bbox 834 2228 853 2269; x_wconf 89' lang='lat' dir='ltr'>a</span> <span class='ocrx_word' id='word_1_166' title='bbox 872 2227 906 2269; x_wconf 90' lang='lat' dir='ltr'>se</span> <span class='ocrx_word' id='word_1_167' title='bbox 921 2205 1069 2290; x_wconf 87' lang='lat' dir='ltr'>singulae</span> 
     </span>
     <span class='ocr_line' id='line_1_24' title="bbox 99 2291 1070 2376; baseline 0 -21"><span class='ocrx_word' id='word_1_168' title='bbox 99 2295 316 2376; x_wconf 86' lang='lat' dir='ltr'>recesserunt,</span> <span class='ocrx_word' id='word_1_169' title='bbox 350 2314 438 2356; x_wconf 91' lang='lat' dir='ltr'>nunc</span> <span class='ocrx_word' id='word_1_170' title='bbox 471 2291 687 2376; x_wconf 88' lang='lat' dir='ltr'>quaerendum</span> <span class='ocrx_word' id='word_1_171' title='bbox 720 2294 783 2374; x_wconf 87' lang='lat' dir='ltr'>est,</span> <span class='ocrx_word' id='word_1_172' title='bbox 816 2312 889 2354; x_wconf 87' lang='lat' dir='ltr'>cum</span> <span class='ocrx_word' id='word_1_173' title='bbox 922 2291 1070 2355; x_wconf 80' lang='lat' dir='ltr'>zodiacus</span> 
     </span>
     <span class='ocr_line' id='line_1_25' title="bbox 100 2375 1070 2459; baseline -0.001 -18"><span class='ocrx_word' id='word_1_174' title='bbox 100 2400 182 2442; x_wconf 91' lang='lat' dir='ltr'>unus</span> <span class='ocrx_word' id='word_1_175' title='bbox 205 2379 248 2441; x_wconf 89' lang='lat' dir='ltr'>sit</span> <span class='ocrx_word' id='word_1_176' title='bbox 269 2383 302 2443; x_wconf 93' lang='lat' dir='ltr'>et</span> <span class='ocrx_word' id='word_1_177' title='bbox 322 2378 350 2441; x_wconf 95' lang='lat' dir='ltr'>is</span> <span class='ocrx_word' id='word_1_178' title='bbox 380 2380 505 2442; x_wconf 81' lang='lat' dir='ltr'>constet</span> <span class='ocrx_word' id='word_1_179' title='bbox 527 2377 614 2441; x_wconf 89' lang='lat' dir='ltr'>caelo</span> <span class='ocrx_word' id='word_1_180' title='bbox 637 2375 793 2440; x_wconf 87' lang='lat' dir='ltr'>sideribus</span> <span class='ocrx_word' id='word_1_181' title='bbox 821 2375 944 2459; x_wconf 89' lang='lat' dir='ltr'>infixis,</span> <span class='ocrx_word' id='word_1_182' title='bbox 975 2396 1070 2459; x_wconf 91' lang='lat' dir='ltr'>quem</span> 
     </span>
    </p>

    <p class='ocr_par' dir='ltr' id='par_1_7' title="bbox 62 2460 1113 2885">
     <span class='ocr_line' id='line_1_26' title="bbox 62 2460 1069 2546; baseline 0.003 -25"><span class='ocrx_word' id='word_1_183' title='bbox 62 2481 87 2521; x_wconf 79' lang='lat'>25</span> <span class='ocrx_word' id='word_1_184' title='bbox 102 2463 141 2527; x_wconf 86' lang='lat' dir='ltr'>ad</span> <span class='ocrx_word' id='word_1_185' title='bbox 159 2463 288 2527; x_wconf 92' lang='lat' dir='ltr'>modum</span> <span class='ocrx_word' id='word_1_186' title='bbox 308 2462 498 2527; x_wconf 86' lang='lat' dir='ltr'>inferiorum</span> <span class='ocrx_word' id='word_1_187' title='bbox 526 2461 734 2546; x_wconf 88' lang='lat' dir='ltr'>sphaerarum</span> <span class='ocrx_word' id='word_1_188' title='bbox 762 2460 874 2526; x_wconf 88' lang='lat' dir='ltr'>stellae</span> <span class='ocrx_word' id='word_1_189' title='bbox 904 2461 940 2524; x_wconf 94' lang='lat' dir='ltr'>in</span> <span class='ocrx_word' id='word_1_190' title='bbox 967 2461 1069 2545; x_wconf 89' lang='lat' dir='ltr'>signis</span> 
     </span>
     <span class='ocr_line' id='line_1_27' title="bbox 101 2545 1069 2631; baseline -0.004 -19"><span class='ocrx_word' id='word_1_191' title='bbox 101 2549 223 2612; x_wconf 83' lang='lat' dir='ltr'>zodiaci</span> <span class='ocrx_word' id='word_1_192' title='bbox 251 2571 357 2613; x_wconf 89' lang='lat' dir='ltr'>meare</span> <span class='ocrx_word' id='word_1_193' title='bbox 386 2548 543 2613; x_wconf 89' lang='lat' dir='ltr'>dicantur.</span> <span class='ocrx_word' id='word_1_194' title='bbox 588 2568 649 2612; x_wconf 88' lang='lat' dir='ltr'>nec</span> <span class='ocrx_word' id='word_1_195' title='bbox 675 2546 810 2631; x_wconf 87' lang='lat' dir='ltr'>longum</span> <span class='ocrx_word' id='word_1_196' title='bbox 842 2548 892 2609; x_wconf 91' lang='lat' dir='ltr'>est</span> <span class='ocrx_word' id='word_1_197' title='bbox 922 2545 1069 2609; x_wconf 87' lang='lat' dir='ltr'>inuenire</span> 
     </span>
     <span class='ocr_line' id='line_1_28' title="bbox 101 2631 1068 2717; baseline -0.002 -21"><span class='ocrx_word' id='word_1_198' title='bbox 101 2633 258 2696; x_wconf 90' lang='lat' dir='ltr'>rationem</span> <span class='ocrx_word' id='word_1_199' title='bbox 281 2654 361 2716; x_wconf 89' lang='lat' dir='ltr'>quae</span> <span class='ocrx_word' id='word_1_200' title='bbox 383 2633 508 2717; x_wconf 90' lang='lat' dir='ltr'>inipso</span> <span class='ocrx_word' id='word_1_201' title='bbox 528 2632 688 2697; x_wconf 87' lang='lat' dir='ltr'>uestibulo</span> <span class='ocrx_word' id='word_1_202' title='bbox 710 2632 847 2696; x_wconf 89' lang='lat' dir='ltr'>excubat</span> <span class='ocrx_word' id='word_1_203' title='bbox 862 2631 1068 2714; x_wconf 87' lang='lat' dir='ltr'>quaestionis.</span> 
     </span>
     <span class='ocr_line' id='line_1_29' title="bbox 101 2715 1113 2802; baseline -0.002 -21"><span class='ocrx_word' id='word_1_204' title='bbox 101 2738 213 2781; x_wconf 88' lang='lat' dir='ltr'>uerum</span> <span class='ocrx_word' id='word_1_205' title='bbox 236 2721 285 2780; x_wconf 88' lang='lat' dir='ltr'>est</span> <span class='ocrx_word' id='word_1_206' title='bbox 307 2717 393 2781; x_wconf 92' lang='lat' dir='ltr'>enim</span> <span class='ocrx_word' id='word_1_207' title='bbox 408 2740 511 2802; x_wconf 90' lang='lat' dir='ltr'>neque</span> <span class='ocrx_word' id='word_1_208' title='bbox 526 2717 625 2781; x_wconf 89' lang='lat' dir='ltr'>solem</span> <span class='ocrx_word' id='word_1_209' title='bbox 639 2716 791 2780; x_wconf 86' lang='lat' dir='ltr'>lunamue</span> <span class='ocrx_word' id='word_1_210' title='bbox 805 2737 909 2798; x_wconf 90' lang='lat' dir='ltr'>neque</span> <span class='ocrx_word' id='word_1_211' title='bbox 924 2715 963 2779; x_wconf 89' lang='lat' dir='ltr'>de</span> <span class='ocrx_word' id='word_1_212' title='bbox 978 2715 1071 2799; x_wconf 84' lang='lat' dir='ltr'>uagis</span> <span class='ocrx_word' id='word_1_213' title='bbox 1086 2717 1113 2779; x_wconf 70' lang='grc'>2</span> 
     </span>
     <span class='ocr_line' id='line_1_30' title="bbox 101 2799 1070 2885; baseline 0 -21"><span class='ocrx_word' id='word_1_214' title='bbox 101 2801 200 2864; x_wconf 89' lang='lat' dir='ltr'>ullam</span> <span class='ocrx_word' id='word_1_215' title='bbox 223 2801 269 2864; x_wconf 88' lang='lat' dir='ltr'>ita</span> <span class='ocrx_word' id='word_1_216' title='bbox 290 2801 325 2864; x_wconf 92' lang='lat' dir='ltr'>in</span> <span class='ocrx_word' id='word_1_217' title='bbox 348 2802 451 2885; x_wconf 89' lang='lat' dir='ltr'>signis</span> <span class='ocrx_word' id='word_1_218' title='bbox 473 2801 593 2865; x_wconf 82' lang='lat' dir='ltr'>zodiaci</span> <span class='ocrx_word' id='word_1_219' title='bbox 615 2801 695 2864; x_wconf 88' lang='lat' dir='ltr'>ferri</span> <span class='ocrx_word' id='word_1_220' title='bbox 715 2805 752 2864; x_wconf 89' lang='lat' dir='ltr'>ut</span> <span class='ocrx_word' id='word_1_221' title='bbox 779 2822 888 2876; x_wconf 88' lang='lat' dir='ltr'>eorum</span> <span class='ocrx_word' id='word_1_222' title='bbox 915 2799 1070 2864; x_wconf 86' lang='lat' dir='ltr'>sideribus</span> 
     </span>
    </p>

    <p class='ocr_par' dir='ltr' id='par_1_8' title="bbox 64 2886 1072 3140">
     <span class='ocr_line' id='line_1_31' title="bbox 64 2886 1071 2969; baseline 0 -22"><span class='ocrx_word' id='word_1_223' title='bbox 64 2908 89 2947; x_wconf 81' lang='lat' dir='ltr'>ao</span> <span class='ocrx_word' id='word_1_224' title='bbox 104 2887 308 2969; x_wconf 86' lang='lat' dir='ltr'>misceantur,</span> <span class='ocrx_word' id='word_1_225' title='bbox 333 2886 388 2949; x_wconf 89' lang='lat' dir='ltr'>sed</span> <span class='ocrx_word' id='word_1_226' title='bbox 409 2887 446 2949; x_wconf 91' lang='lat' dir='ltr'>in</span> <span class='ocrx_word' id='word_1_227' title='bbox 466 2886 522 2949; x_wconf 94' lang='lat' dir='ltr'>illo</span> <span class='ocrx_word' id='word_1_228' title='bbox 544 2886 638 2969; x_wconf 85' lang='lat' dir='ltr'>signo</span> <span class='ocrx_word' id='word_1_229' title='bbox 661 2906 731 2949; x_wconf 89' lang='lat' dir='ltr'>esse</span> <span class='ocrx_word' id='word_1_230' title='bbox 752 2906 818 2948; x_wconf 88' lang='lat' dir='ltr'>una</span> <span class='ocrx_word' id='word_1_231' title='bbox 836 2905 979 2968; x_wconf 89' lang='lat' dir='ltr'>quaeque</span> <span class='ocrx_word' id='word_1_232' title='bbox 1001 2906 1071 2968; x_wconf 89' lang='lat' dir='ltr'>per-</span> 
     </span>
     <span class='ocr_line' id='line_1_32' title="bbox 102 2969 1071 3055; baseline 0 -21"><span class='ocrx_word' id='word_1_233' title='bbox 102 2972 245 3053; x_wconf 86' lang='lat' dir='ltr'>hibetur,</span> <span class='ocrx_word' id='word_1_234' title='bbox 278 2971 360 3055; x_wconf 90' lang='lat' dir='ltr'>quod</span> <span class='ocrx_word' id='word_1_235' title='bbox 388 2970 537 3034; x_wconf 89' lang='lat' dir='ltr'>habuerit</span> <span class='ocrx_word' id='word_1_236' title='bbox 563 2990 658 3052; x_wconf 90' lang='lat' dir='ltr'>super</span> <span class='ocrx_word' id='word_1_237' title='bbox 686 2970 840 3034; x_wconf 89' lang='lat' dir='ltr'>uerticem</span> <span class='ocrx_word' id='word_1_238' title='bbox 866 2969 902 3032; x_wconf 91' lang='lat' dir='ltr'>in</span> <span class='ocrx_word' id='word_1_239' title='bbox 930 2991 1071 3054; x_wconf 89' lang='lat' dir='ltr'>eaquae</span> 
     </span>
     <span class='ocr_line' id='line_1_33' title="bbox 102 3054 1072 3140; baseline -0.004 -19"><span class='ocrx_word' id='word_1_240' title='bbox 102 3057 149 3121; x_wconf 91' lang='lat' dir='ltr'>illi</span> <span class='ocrx_word' id='word_1_241' title='bbox 172 3056 314 3121; x_wconf 83' lang='lat' dir='ltr'>subiecta</span> <span class='ocrx_word' id='word_1_242' title='bbox 336 3058 386 3119; x_wconf 93' lang='lat' dir='ltr'>est</span> <span class='ocrx_word' id='word_1_243' title='bbox 407 3055 518 3119; x_wconf 88' lang='lat' dir='ltr'>circuli</span> <span class='ocrx_word' id='word_1_244' title='bbox 539 3055 588 3119; x_wconf 88' lang='lat' dir='ltr'>sui</span> <span class='ocrx_word' id='word_1_245' title='bbox 609 3054 742 3140; x_wconf 87' lang='lat' dir='ltr'>regione</span> <span class='ocrx_word' id='word_1_246' title='bbox 770 3055 966 3137; x_wconf 87' lang='lat' dir='ltr'>discurrens,</span> <span class='ocrx_word' id='word_1_247' title='bbox 996 3054 1072 3138; x_wconf 88' lang='lat' dir='ltr'>quia</span> 
     </span>
    </p>
   </div>
   <div class='ocr_carea' id='block_1_4' title="bbox 103 3242 1084 3582">
    <p class='ocr_par' dir='ltr' id='par_1_9' title="bbox 103 3242 1084 3582">
     <span class='ocr_line' id='line_1_34' title="bbox 171 3242 1071 3310; baseline -0.007 -14"><span class='ocrx_word' id='word_1_248' title='bbox 171 3245 390 3310; x_wconf 70' lang='lat' dir='ltr'>2emrsspher1J</span> <span class='ocrx_word' id='word_1_249' title='bbox 412 3243 448 3302; x_wconf 82' lang='lat' dir='ltr'>(in</span> <span class='ocrx_word' id='word_1_250' title='bbox 466 3262 518 3294; x_wconf 81' lang='lat' dir='ltr'>rac.</span> <span class='ocrx_word' id='word_1_251' title='bbox 537 3246 586 3307; x_wconf 77' lang='lat' dir='ltr'>fuit</span> <span class='ocrx_word' id='word_1_252' title='bbox 605 3243 627 3308; x_wconf 84' lang='lat' dir='ltr'>s)</span> <span class='ocrx_word' id='word_1_253' title='bbox 646 3245 678 3306; x_wconf 86' lang='lat' dir='ltr'>P,</span> <span class='ocrx_word' id='word_1_254' title='bbox 705 3243 862 3308; x_wconf 82' lang='lat' dir='ltr'>hemisperu</span> <span class='ocrx_word' id='word_1_255' title='bbox 879 3242 904 3292; x_wconf 88' lang='lat' dir='ltr'><em>B</em></span> <span class='ocrx_word' id='word_1_256' title='bbox 972 3242 1071 3291; x_wconf 84' lang='lat' dir='ltr'>4sexa</span> 
     </span>
     <span class='ocr_line' id='line_1_35' title="bbox 103 3305 1083 3380; baseline -0.005 -15"><span class='ocrx_word' id='word_1_257' title='bbox 103 3307 137 3364; x_wconf 88' lang='lat' dir='ltr'>B&#39;</span> <span class='ocrx_word' id='word_1_258' title='bbox 189 3305 473 3364; x_wconf 82' lang='lat' dir='ltr'>8del1derauer1sB&#39;</span> <span class='ocrx_word' id='word_1_259' title='bbox 527 3312 695 3362; x_wconf 85' lang='lat' dir='ltr'>mensuraB</span> <span class='ocrx_word' id='word_1_260' title='bbox 747 3309 919 3377; x_wconf 72' lang='lat' dir='ltr'>ailla]1psa</span> <span class='ocrx_word' id='word_1_261' title='bbox 938 3308 986 3360; x_wconf 88' lang='lat' dir='ltr'>PB</span> <span class='ocrx_word' id='word_1_262' title='bbox 1040 3313 1083 3380; x_wconf 29' lang='lat'>13·</span> 
     </span>
     <span class='ocr_line' id='line_1_36' title="bbox 104 3369 1077 3448; baseline -0.005 -16"><span class='ocrx_word' id='word_1_263' title='bbox 104 3388 228 3448; x_wconf 73' lang='lat' dir='ltr'>geotmee</span> <span class='ocrx_word' id='word_1_264' title='bbox 247 3375 281 3431; x_wconf 91' lang='lat' dir='ltr'>B&#39;</span> <span class='ocrx_word' id='word_1_265' title='bbox 350 3384 381 3432; x_wconf 85' lang='lat'>16</span> <span class='ocrx_word' id='word_1_266' title='bbox 399 3380 519 3432; x_wconf 80' lang='lat' dir='ltr'>maneres</span> <span class='ocrx_word' id='word_1_267' title='bbox 535 3380 558 3430; x_wconf 88' lang='lat' dir='ltr'><em>B</em></span> <span class='ocrx_word' id='word_1_268' title='bbox 629 3382 661 3430; x_wconf 86' lang='grc'>17</span> <span class='ocrx_word' id='word_1_269' title='bbox 678 3379 815 3430; x_wconf 83' lang='lat' dir='ltr'>terracB</span> <span class='ocrx_word' id='word_1_270' title='bbox 886 3378 917 3427; x_wconf 90' lang='lat'>18</span> <span class='ocrx_word' id='word_1_271' title='bbox 935 3377 969 3426; x_wconf 86' lang='lat' dir='ltr'>da</span> <span class='ocrx_word' id='word_1_272' title='bbox 983 3393 1030 3430; x_wconf 78' lang='lat' dir='ltr'>our.</span> <span class='ocrx_word' id='word_1_273' title='bbox 1042 3369 1077 3427; x_wconf 68' lang='lat' dir='ltr'>P&#39;</span> 
     </span>
     <span class='ocr_line' id='line_1_37' title="bbox 139 3444 1071 3514; baseline -0.001 -16"><span class='ocrx_word' id='word_1_274' title='bbox 139 3450 327 3514; x_wconf 82' lang='lat' dir='ltr'>magnitudrne</span> <span class='ocrx_word' id='word_1_275' title='bbox 345 3453 371 3500; x_wconf 83' lang='lat' dir='ltr'>in</span> <span class='ocrx_word' id='word_1_276' title='bbox 385 3452 438 3514; x_wconf 84' lang='lat' dir='ltr'>fine</span> <span class='ocrx_word' id='word_1_277' title='bbox 455 3447 622 3500; x_wconf 74' lang='lat' dir='ltr'>neruumB</span> <span class='ocrx_word' id='word_1_278' title='bbox 674 3450 707 3497; x_wconf 76' lang='lat'>20</span> <span class='ocrx_word' id='word_1_279' title='bbox 726 3447 820 3513; x_wconf 83' lang='lat' dir='ltr'>speras</span> <span class='ocrx_word' id='word_1_280' title='bbox 834 3446 860 3496; x_wconf 91' lang='lat' dir='ltr'><em>B</em></span> <span class='ocrx_word' id='word_1_281' title='bbox 911 3448 944 3495; x_wconf 79' lang='lat'>22</span> <span class='ocrx_word' id='word_1_282' title='bbox 968 3444 1026 3509; x_wconf 79' lang='lat' dir='ltr'>7(i</span> <span class='ocrx_word' id='word_1_283' title='bbox 1047 3462 1071 3497; x_wconf 85' lang='lat' dir='ltr'>e.</span> 
     </span>
     <span class='ocr_line' id='line_1_38' title="bbox 105 3512 1084 3582; baseline -0.011 -13"><span class='ocrx_word' id='word_1_284' title='bbox 105 3519 145 3582; x_wconf 88' lang='lat' dir='ltr'>et)</span> <span class='ocrx_word' id='word_1_285' title='bbox 165 3534 182 3567; x_wconf 84' lang='lat' dir='ltr'>a</span> <span class='ocrx_word' id='word_1_286' title='bbox 200 3525 259 3569; x_wconf 83' lang='lat' dir='ltr'>ante</span> <span class='ocrx_word' id='word_1_287' title='bbox 279 3518 304 3570; x_wconf 86' lang='lat' dir='ltr'>se</span> <span class='ocrx_word' id='word_1_288' title='bbox 323 3519 350 3568; x_wconf 85' lang='lat' dir='ltr'>in</span> <span class='ocrx_word' id='word_1_289' title='bbox 365 3516 498 3569; x_wconf 78' lang='lat' dir='ltr'>roainB</span> <span class='ocrx_word' id='word_1_290' title='bbox 566 3518 600 3567; x_wconf 73' lang='lat'>‘25</span> <span class='ocrx_word' id='word_1_291' title='bbox 619 3516 757 3581; x_wconf 82' lang='lat' dir='ltr'>sperarum</span> <span class='ocrx_word' id='word_1_292' title='bbox 776 3516 801 3565; x_wconf 87' lang='lat' dir='ltr'><em>B</em></span> <span class='ocrx_word' id='word_1_293' title='bbox 870 3517 903 3564; x_wconf 60' lang='grc' dir='ltr'>ἓξ]</span> <span class='ocrx_word' id='word_1_294' title='bbox 921 3513 1042 3562; x_wconf 64' lang='lat' dir='ltr'>inerint</span> <span class='ocrx_word' id='word_1_295' title='bbox 1054 3512 1084 3558; x_wconf 62' lang='lat' dir='ltr'>B*</span> 
     </span>
    </p>
   </div>
   <div class='ocr_carea' id='block_1_5' title="bbox 0 0 1197 3878">
    <p class='ocr_par' dir='ltr' id='par_1_10' title="bbox 0 0 1197 3878">
     <span class='ocr_line' id='line_1_39' title="bbox 0 0 1197 3878; baseline 0 0"><span class='ocrx_word' id='word_1_296' title='bbox 0 0 1197 3878; x_wconf 95' lang='lat' dir='ltr'> </span> 
     </span>
    </p>
   </div>
  </div>
 </body>
</html>
