2362 3878
490 214 519 281 1,
542 207 635 258 a-rr
978 197 1040 262 391

77 369 194 433 Callias
210 367 403 432 doctissimis
426 367 522 449 dedit,
541 366 754 432 Charmadam
776 367 857 449 dico,
876 365 1042 431 Antisthe-

76 476 140 516 nen
164 456 195 517 et
217 452 337 516 Hermo
363 473 447 516 enen
469 456 653 536 ceterosque
675 452 726 516 his
749 452 884 535 similes,
909 452 1042 516 uerbum

76 538 199 602 nullum
227 537 290 601 nisi
318 473 544 621 philosophum
578 538 688 601 sentit.
740 540 775 602 at
806 558 881 600 uero
914 536 1044 601 Alcinoi
1055 538 1095 602 14

76 626 108 686 et
137 622 272 687 Didonis
306 644 417 686 mensa
450 622 542 707 quasi
570 621 646 686 solis
675 645 693 686 a
716 625 751 686 ta
779 621 901 687 deliciis
930 621 1043 685 habuit

50 707 156 771 ahaec
178 708 290 791 Iopam
313 706 368 770 illa
391 706 624 791 Polyphemum
647 645 773 772 cithara
795 708 960 789 canoniea,
983 728 1043 770 nec
1075 741 1077 744 ·

76 793 210 856 deerant
232 792 317 874 apud
339 792 512 855 Alcinoum
535 790 703 857 saltatores
725 793 802 876 uiri,
827 794 859 856 et
882 791 965 875 apud
988 790 1043 854 Di-

77 878 192 941 donem
220 875 322 940 Bitias
351 877 397 940 sic
418 876 571 941 hauriens
598 898 721 941 merum
749 881 786 941 ut
807 899 841 941 se
867 879 972 941 totum
994 897 1044 939 su-

76 961 199 1045 perflua
226 962 293 1025 eius
321 961 473 1026 effusione
501 961 671 1044 prolueret.
724 983 833 1026 nonne
861 960 960 1044 siquis
989 964 1045 1024 aut

75 1049 162 1111 inter
176 1045 339 1110 Phaeacas
363 1049 419 1110 aut
441 1045 523 1133 apud
540 1045 665 1111 Poenos
679 1068 842 1111 sermones
858 1046 896 1110 de
919 1045 1044 1128 sapien-

38 1154 63 1192 10
76 1133 123 1195 tia
146 1135 251 1196 erutos
275 1131 496 1196 conuiualibus
510 1131 628 1195 fabulis
643 1132 832 1214 miscuisset,
850 1134 883 1195 et
904 1129 1045 1215 gratiam

75 1217 139 1280 illis
163 1217 304 1281 coetibus
334 1220 443 1300 aptam
464 1216 613 1300 perderet
641 1221 674 1281 et
700 1217 736 1281 in
759 1239 792 1280 se
820 1216 921 1280 risum
948 1215 1044 1298 plane

75 1304 195 1365 iustum
222 1301 389 1367 moueret?
433 1323 509 1386 ergo
537 1302 641 1384 prima
675 1301 741 1366 eius
774 1300 956 1366 obseruatio
984 1299 1046 1363 erit

77 1387 246 1450 aestimare
269 1386 431 1450 conuiuas.
488 1387 603 1450 deinde
630 1387 686 1451 uhi
714 1386 776 1451 sibi
804 1386 911 1450 locum
933 1387 1044 1468 patere
1056 1384 1096 1449 15

76 1470 208 1553 uiderit,
238 1492 304 1534 non
327 1470 365 1533 de
392 1471 471 1554 ipsis
492 1471 722 1555 profunditatis
745 1493 821 1536 auae
843 1470 974 1535 seeretis
996 1469 1045 1533 in-

39 1575 63 1614 15
77 1559 126 1618 ter
143 1554 256 1638 poeula
278 1555 426 1638 loquetur
446 1577 507 1620 nec
529 1556 666 1620 nodosas
689 1560 722 1621 et
744 1558 857 1620 anxias
873 1555 929 1620 sed
949 1553 1045 1618 utiles

77 1640 205 1723 quidem
236 1640 349 1705 faciles
380 1643 490 1705 tamen
523 1642 727 1724 quaestiones
760 1640 913 1706 moucbit.
969 1639 1097 1704 1100116

77 1726 160 1789 siout
181 1725 267 1789 inter
288 1725 360 1789 illos
382 1726 437 1810 qui
453 1725 597 1790 exercitii
613 1747 715 1810 genus
737 1725 861 1790 habent
883 1727 918 1788 in
933 1724 1045 1788 mediis

77 1810 194 1874 saltare
223 1811 395 1893 conuiuiis,
425 1810 524 1893 siquis
546 1814 582 1874 ut
610 1832 643 1874 se
666 1810 802 1893 amplius
825 1810 973 1873 exerceat
994 1806 1046 1872 uel

78 1896 117 1958 ad
152 1916 278 1958 cursum
310 1893 362 1957 uel
395 1895 436 1957 ad
468 1895 650 1979 pugilatum
682 1894 805 1958 sodales
838 1893 1045 1974 lecessiuerit,

39 1980 168 2062 aequasi
190 1979 318 2061 ineptus
330 1977 526 2060 relegabitur
548 1979 588 2042 ab
611 1978 780 2043 alacritate
803 1977 970 2061 consortii,
1000 1978 1047 2041 sic

78 2064 163 2147 apud
198 2084 343 2126 mensam
377 2061 504 2145 quando
537 2062 615 2127 licet
642 2063 727 2147 aptis
755 2062 881 2147 philoso
904 2061 1047 2125 handum

78 2151 126 2211 cst
148 2151 185 2211 ut
208 2147 325 2211 crateri
346 2146 369 2210 li
393 2146 479 2210 uoris
509 2148 549 2210 ad
571 2146 731 2211 laetitiam
757 2147 828 2211 nati
856 2085 1047 2210 adhibeatur

77 2254 143 2296 non
165 2232 258 2296 modo
270 2168 493 2316 Nympharum
515 2231 571 2296 sed
592 2231 758 2296 Musarum
780 2252 903 2317 quoque
927 2231 1046 2294 admix-

77 2318 165 2382 tione
187 2317 367 2401 temperies.
420 2339 497 2381 nam
520 2317 563 2401 si,
587 2320 623 2381 ut
650 2317 746 2382 fateri
769 2337 899 2382 necesse
922 2319 986 2397 est,
1010 2315 1045 2379 in
1059 2317 1097 2380 11

39 2421 64 2461 25
78 2403 165 2467 omni
195 2405 356 2466 conuentu
383 2405 438 2467 aut
464 2402 638 2466 tacendum
670 2405 720 2467 est
752 2405 809 2467 aut
839 2400 1043 2485 loquendum,

78 2510 267 2570 quaeramus
284 2486 489 2551 silentiumne
506 2488 662 2552 conuiuiis
686 2511 729 2552 an
745 2491 777 2553 et
792 2489 967 2571 oportunus
983 2506 1047 2549 ser-

77 2593 129 2635 mo
153 2572 335 2635 conueniat.
380 2594 455 2635 nam
479 2572 506 2636 ai
529 2573 614 2637 siout
642 2574 727 2658 apud
748 2572 896 2636 Athenas
919 2571 1047 2634 Atticas

78 2657 296 2739 Areopagitae
317 2659 462 2721 tacentes
484 2657 640 2740 iudicant,
662 2659 709 2722 ita
723 2658 809 2722 inter
831 2657 941 2742 epulas
956 2677 1048 2740 opor-

78 2742 126 2802 tet
149 2760 274 2822 semper
304 2740 406 2823 sileri,
436 2763 502 2806 non
530 2747 580 2807 est
605 2743 692 2807 ultra
714 2743 933 2827 quaerendum
960 2741 1046 2804 inter

40 2844 65 2882 30
78 2843 206 2886 mensas
238 2822 530 2908 philosophandum
562 2849 666 2892 necne
702 2829 755 2892 sit.
812 2829 839 2892 si
870 2848 947 2891 uero
979 2847 1045 2889 non

80 2910 174 2971 erunt
206 2910 295 2971 muta
329 2908 491 2992 conuiuia,
528 2932 583 2974 cur
616 2912 671 2976 ubi
705 2934 808 2977 sermo
835 2911 1043 2996 permittitur,

78 2992 232 3056 honestus
255 3014 357 3056 sermo
379 2994 567 3077 prohibetur
588 2997 726 3061 maxime
754 3019 826 3062 cum
847 3018 914 3061 non
938 2996 1045 3060 minus

146 3203 161 3250 2
182 3214 346 3264 ermogeuen
365 3200 390 3247 P
433 3267 435 3271 Α
456 3203 471 3250 5
494 3198 654 3265 poliphemir
678 3203 708 3266 P,
735 3202 942 3254 Demodoohum
961 3202 1048 3252 Came·

79 3321 164 3368 rarius
233 3317 373 3384 9phqcal
386 3319 412 3367 P
461 3283 566 3383 peonis
578 3319 604 3367 P
671 3322 701 3368 11
722 3321 982 3372 coetibus—risum
1000 3336 1046 3375 orn,

79 3389 111 3450 P,
139 3388 200 3436 add.
220 3387 439 3452 Cantabripiensis
515 3388 547 3439 21
566 3386 685 3438 mensam
703 3405 752 3440 om.
768 3381 800 3441 Ρ1
868 3392 900 3440 23
919 3386 1048 3453 niphulrir

80 3455 105 3502 P
171 3455 204 3503 24
222 3455 292 3505 licut
308 3456 334 3504 P
399 3452 628 3521 05100000οΜ
649 3456 674 3505 P
740 3459 772 3507 27
791 3457 832 3507 Na
851 3457 872 3508 h
889 3461 921 3506 ut
939 3456 1050 3522 apudP

80 3525 112 3574 28
131 3522 260 3573 tacentes
273 3539 318 3577 om.
339 3516 370 3572 P'
