2362 3878
120 186 161 250 74
532 200 628 249 maai
651 200 664 248 1

119 357 196 419 runt
219 354 259 418 ad
281 374 404 419 nonum
426 353 584 417 decimum
590 402 599 435 ,
624 352 678 436 qui
699 374 775 416 uero
797 373 912 434 unum,
937 352 978 415 ad
1001 355 1080 416 octa-

70 440 105 504 11
118 462 195 504 uum
217 439 375 504 decimum
393 437 552 502 haberent
572 437 709 503 reditum
729 435 959 501 Kalendarum.
992 436 1081 501 feria-

118 546 191 588 rum
211 527 322 604 tamen
344 523 494 606 cuiusque
517 522 636 586 mensis
658 522 735 586 ordo
757 524 902 586 seruatus
918 525 978 586 est.
1011 543 1082 585 nam

119 609 199 673 sicui
221 609 288 673 fere
310 608 425 672 tertius
448 607 488 671 ab
510 607 620 672 Idibus
642 607 709 670 dies
735 606 837 671 festus
866 610 922 671 aut
940 606 1083 671 'feriatus

118 693 182 759 fuit
203 697 236 758 et
257 696 336 758 tunc
359 714 388 757 a.
405 692 435 757 d.
460 695 585 756 sextum
607 692 765 756 decimum
787 691 964 775 dicebatur,
990 691 1104 756 etiam5

118 781 192 864 post
214 781 424 863 augmentum
451 777 574 842 dierum
601 777 711 841 eadem
739 777 853 861 religio
875 779 1006 841 seruata
1027 781 1083 860 est,

119 866 156 929 ut
177 862 274 928 tertio
296 863 337 927 ab
358 861 467 926 Idibus
491 861 541 926 die
564 861 793 944 celebraretur,
821 861 899 925 licet
921 861 961 925 ab
984 861 1085 926 incre·

118 951 228 1013 mento
249 968 317 1012 non
338 948 404 1011 iam
426 968 455 1011 a.
473 947 503 1011 d.
526 949 651 1011 sextum
673 946 831 1010 decimum
845 944 1010 1011 Kalendas
1033 946 1085 1011 sed

120 1055 148 1097 a.
180 1032 210 1097 d.
240 1033 411 1116 septimum
438 1031 611 1115 decimum,
640 1031 668 1096 si
695 1053 793 1115 unus,
822 1053 850 1095 a.
874 1030 904 1096 d.
936 1034 1086 1096 octauum

71 1116 110 1181 12
119 1118 293 1200 decimum,
323 1118 351 1181 si
373 1117 435 1181 duo
458 1119 534 1181 sunt
556 1116 673 1200 additi,
702 1116 869 1180 diceretur.
914 1138 993 1181 nam
1016 1117 1085 1181 ideo
1097 1130 1116 1170 1⁰

117 1224 219 1268 nouos
242 1203 309 1268 dies
332 1201 417 1267 circa
439 1201 537 1266 finem
560 1201 710 1285 cuiusque
732 1201 851 1265 mensis
866 1201 1015 1284 inseruit,
1032 1201 1086 1266 ubi

118 1288 216 1352 finem
244 1287 387 1352 omnium
414 1308 495 1370 quae
523 1287 559 1350 in
580 1308 689 1350 mense
712 1288 805 1350 erant
826 1286 969 1370 repperit
992 1287 1086 1351 feria·

118 1394 206 1455 rum,
230 1372 433 1455 adiectosque
456 1392 565 1436 omnes
589 1393 656 1435 ase
678 1371 745 1434 dies
767 1369 868 1434 fastos
891 1372 1032 1452 notauit,
1052 1374 1087 1436 ut

118 1457 271 1520 maiorem
293 1456 385 1520 daret
407 1456 586 1521 actionibus
613 1456 812 1538 libertatem,
841 1458 873 1519 et
894 1476 962 1520 non
985 1456 1087 1521 solum

118 1541 243 1605 nullum
271 1540 435 1605 nefastum
457 1541 512 1606 sed
533 1563 594 1609 nec
617 1539 810 1605 comitialem
833 1562 1026 1624 quemquam
1048 1541 1087 1606 (le
1099 1553 1122 1594 1⁵

119 1626 251 1690 adiectis
266 1626 377 1690 diebus
392 1625 545 1708 instituit,
558 1647 599 1689 ne
615 1625 822 1690 ambitionem
837 1625 1088 1710 magistratuum

70 1709 109 1774 13
119 1713 253 1796 augeret
274 1711 422 1776 adiectio.
463 1711 510 1775 sic
532 1733 654 1774 annum
676 1709 804 1775 ciuilem
826 1708 944 1775 Caesar
966 1709 1087 1776 habitis

120 1795 160 1860 ad
187 1795 298 1860 lunam
325 1795 576 1860 dimensionibus
606 1796 818 1859 constitutum
846 1795 951 1860 edicto
979 1794 1088 1881 palam

119 1880 223 1964 posito
245 1880 424 1965 publicauit
444 1883 476 1944 et
493 1877 602 1968 [error]
618 1879 682 1944 huc
696 1900 795 1964 usque
811 1883 896 1944 stare
916 1881 1086 1964 potuisset,

119 1965 154 2030 ni
177 1967 357 2030 sacerdotes
385 1964 447 2029 sibi
475 1985 615 2030 errorem
641 1986 762 2028 nouum
784 1986 823 2028 ex
844 1964 915 2049 ipsa
937 1966 1086 2030 emenda·
1100 1981 1122 2020 2⁰

119 2051 206 2116 tione
233 2051 398 2115 fecissent.
442 2072 519 2114 nam
553 2071 624 2113 cum
658 2051 819 2132 oporteret
852 2050 936 2113 diem
964 2050 1019 2134 qui
1049 2072 1087 2114 ex

120 2136 352 2220 quadrantibus
382 2135 480 2199 confit
512 2137 625 2218 quarto
655 2155 779 2217 quoque
818 2155 905 2198 anno
940 2134 1086 2200 confecto

119 2225 292 2305 antequam
319 2220 451 2304 quintus
479 2219 637 2303 inciperet
664 2216 873 2297 intercalare,
901 2219 950 2283 illi
972 2223 1086 2304 quarto

70 2303 186 2369 14n0n
208 2304 417 2388 peractosed
438 2303 615 2386 incipiente
636 2302 885 2368 intercalabant.
922 2303 977 2368 hic
1000 2325 1087 2369 error

120 2410 176 2451 sex
198 2390 231 2451 et
251 2388 389 2472 triginta
412 2388 506 2451 annis
528 2387 721 2470 permansit,
746 2388 860 2472 quibus
878 2389 972 2453 annis
988 2390 1085 2453 inter·
1098 2404 1121 2443 2⁵

120 2471 217 2536 calati
240 2474 316 2535 sunt
338 2472 405 2536 dies
428 2471 592 2535 duodecim
615 2493 688 2535 curn
710 2473 879 2537 debuerint
900 2473 1085 2538 intercalari

119 2578 245 2621 nouem.
283 2555 338 2620 sed
353 2555 578 2640 huncquoque
600 2577 739 2621 errorem
762 2578 831 2621 sero
854 2557 1085 2642 deprehensum

120 2642 258 2707 correxit
285 2640 468 2725 Augustus,
497 2641 552 2724 qui
581 2663 682 2706 annos
708 2642 874 2707 duodecim
896 2642 965 2706 sine
987 2643 1085 2707 inter-

120 2726 220 2790 calari
248 2725 298 2789 die
325 2725 464 2811 transigi
492 2725 601 2808 iussit,
630 2729 668 2791 ut
694 2726 750 2795 1111,
769 2730 835 2791 tres
863 2727 930 2791 dies
952 2728 1007 2813 qui
1028 2749 1087 2811 per

120 2832 222 2876 annos
244 2809 383 2896 triginta
405 2813 437 2875 et
459 2832 514 2876 sex
537 2811 616 2875 uitio
639 2811 844 2876 sacerdotalis
866 2811 1085 2877 festinationis
1098 2829 1122 2870 ³0

186 3034 399 3086 skalendarem
418 3026 450 3084 B'
545 3034 652 3097 lfepre
671 3035 697 3084 B
742 3038 878 3085 tertium
896 3027 929 3084 B'
1016 3034 1086 3086 1111

117 3102 170 3153 BP
236 3103 396 3170 drelrgroe
415 3104 439 3153 P
490 3102 630 3154 reseruata
649 3102 675 3152 B
744 3101 879 3152 'lidusB
948 3103 1020 3154 8ad
1037 3103 1088 3152 BP

118 3169 189 3223 911
207 3174 239 3235 Ρ,
260 3187 277 3222 a
294 3171 320 3220 B
388 3172 532 3238 septimum
550 3170 686 3220 decimum
703 3170 739 3220 P:
763 3169 905 3236 septimum
922 3169 948 3219 B
1001 3170 1036 3220 ad
1054 3171 1085 3233 P,

119 3242 168 3288 aut
186 3239 221 3290 ad
239 3239 264 3288 B
369 3243 400 3292 10
423 3240 531 3291 declml'l
550 3255 562 3284 1
581 3239 602 3288 si
625 3237 711 3301 (etiam
731 3237 784 3290 lin
801 3237 865 3302 raa.)
888 3239 914 3288 P
1000 3237 1087 3289 additi

119 3306 216 3357 suntP
266 3307 400 3359 diceturt
471 3309 502 3359 13
520 3306 615 3357 omnes
630 3307 729 3369 oncP
780 3307 812 3356 14
829 3305 950 3357 maiores
958 3306 984 3356 B
1055 3306 1086 3356 16

118 3389 197 3427 onem
214 3376 241 3425 ia
260 3375 438 3427 ambitionem
455 3377 482 3425 in
498 3391 553 3425 raa.
571 3376 598 3425 ia
616 3375 642 3424 P
709 3372 854 3424 1811mam
872 3373 924 3426 BP
992 3376 1024 3425 19
1044 3388 1085 3423 ar·

118 3458 162 3492 ror
180 3443 263 3493 delent·
313 3441 359 3492 hic
376 3443 461 3508 usque
480 3435 514 3491 B'
582 3444 615 3493 25
634 3437 830 3504 interlcalaudi
848 3435 880 3491 B'
949 3443 982 3493 26
1000 3446 1086 3492 mter·

111 3509 206 3558 aaran
221 3509 252 3559 B
320 3511 353 3562 28
371 3511 461 3562 annus
474 3503 508 3559 B'
