2362 3878
175 176 241 242 410
582 192 680 239 1111111
695 191 746 240 vn

175 345 312 411 rationis
340 344 450 429 capaci
481 343 564 408 uelle
592 366 629 408 ao
655 345 742 409 nolle
776 344 960 409 contribuit.
1010 344 1146 410 inferius

176 453 252 495 uero
280 430 454 495 demissum
479 428 643 493 intestinis
672 429 894 494 adiacentibus
925 429 1080 494 inseritur
1113 435 1147 496 et

127 514 252 580 18inde
278 515 333 579 uia
360 517 409 579 est
436 514 615 599 egerendis.
665 535 742 612 ergo
770 513 806 578 in
836 517 950 579 uentre
976 514 1014 578 fit
1041 515 1147 599 prima

176 600 314 686 digestio
335 600 456 664 uirtute
478 595 680 681 ἀλλοιωτικῇ
700 621 737 663 m
759 620 872 663 sucum
890 601 1037 664 uertente
1059 601 1146 684 quic-

177 685 253 770 quid
272 686 441 768 acceptum
463 687 521 767 est,
546 664 733 748 cuius‘iaex
754 685 943 748 retrimenta
965 687 1042 748 sunt
1064 706 1172 768 quaes

175 791 234 918 pfefp
254 770 411 917 intestinte
431 768 585 918 ingffirie
607 768 729 875 orificio
751 769 1087 874 tradentelabuntur,
1112 773 1146 918 {t

127 875 385 1024 l9iroddraqddr
395 875 526 1037 aagestio.
572 873 909 1023 &ggupoppppapffl
922 876 1145 1004 siiddnciiid

176 1024 378 1109 reformatur,
394 1023 448 1089 hic
468 1023 534 1088 iam
555 1022 670 1087 iecoris
686 1044 762 1088 eura
784 1023 935 1088 succedit.
973 1027 1022 1088 est
1037 1028 1145 1088 autem

176 1110 263 1174 ieeur
286 1112 453 1174 concretus
476 1108 608 1193 sanguis
630 1112 663 1172 et
682 1108 754 1173 ideo
774 1107 872 1173 habet
893 1110 1041 1173 natiuum
1062 1110 1179 1174 calo-1·

176 1216 260 1277 rem,
289 1194 374 1278 quod
399 1193 580 1258 confectum
608 1214 720 1258 sueum
746 1193 845 1259 uertit
871 1194 907 1258 in
939 1195 1143 1279 sanguinem,

177 1282 210 1342 et
231 1280 315 1343 sicut
337 1278 445 1343 cibum
465 1278 501 1341 in
522 1299 633 1341 sucum
654 1279 738 1343 uerti
759 1278 865 1362 prima
887 1281 946 1362 est,
963 1280 1010 1343 ita
1033 1301 1145 1343 sucum

122 1362 167 1427 20
175 1364 315 1427 transire
341 1364 377 1426 in
405 1361 597 1448 sanguinem
623 1363 764 1427 secunda
792 1363 928 1447 digestio
956 1367 1013 1428 est.
1057 1363 1145 1428 hunc

177 1447 264 1512 calor
285 1447 398 1511 iecoris
421 1446 680 1512 administratum
707 1469 765 1530 per
785 1469 942 1513 uenarum
962 1448 1088 1513 fistulas
1109 1449 1145 1512 in

176 1553 233 1595 sua
256 1553 399 1616 quaeque
420 1531 564 1596 membra
586 1532 753 1617 dispergit,
777 1536 869 1617 parte
892 1554 972 1618 quae
995 1555 1033 1596 ex
1055 1534 1181 1618 diga-1⁴

176 1616 235 1680 stis
256 1616 466 1701 frigidissima
488 1616 594 1681 estin
621 1617 739 1682 lienem
760 1617 883 1701 refusa,
913 1618 967 1702 qui
993 1621 1030 1680 ut
1055 1618 1145 1682 iecur

122 1699 165 1763 21
179 1701 293 1766 caloris
319 1701 366 1765 ita
391 1701 460 1785 ipse
488 1701 619 1786 frigoris
648 1701 843 1766 domicilium
870 1706 928 1766 est.
972 1722 1048 1765 nam
1070 1701 1143 1764 ideo

176 1807 288 1850 omnes
310 1785 459 1851 dexterae
505 1789 589 1850 artes
620 1786 789 1851 ualidiores
811 1789 886 1850 sunt
913 1788 946 1848 11
972 1784 1141 1849 debiliores

175 1871 341 1956 sinistrae,
376 1872 451 1956 quia
481 1809 542 1935 ias
574 1871 660 1968 regit
691 1871 778 1936 calor
810 1870 941 1935 uisceris
969 1869 1034 1952 sui,
1066 1870 1142 1934 illae

177 1955 370 2041 contagione
401 1955 532 2041 frigoris
565 1957 697 2020 simstra
729 1955 905 2040 optinentis
937 1954 1141 2020 hebetantur.
1173 1984 1178 2012 t

122 2037 212 2105 22111
238 2042 330 2105 uenis
361 2045 468 2106 autem
496 2044 528 2106 et
555 2041 681 2104 arteriis
688 2090 697 2124 ,
727 2062 808 2124 quce
836 2043 913 2104 sunt
940 2041 1143 2124 receptacula

176 2126 345 2212 sanguinis
369 2130 402 2190 11
423 2125 565 2211 spiritus,
587 2126 685 2190 tertia
706 2125 744 2190 fit
759 2125 791 2188 di
816 2126 907 2190 estio,
943 2146 1142 2208 namaocep-

175 2213 245 2274 tum
267 2211 459 2296 sanguinem
481 2210 619 2295 quodam
639 2210 733 2274 modo
756 2147 927 2274 deiaeoanr
949 2213 982 2274 et
1003 2210 1085 2294 quod
1108 2211 1143 2274 in

176 2317 213 2359 eo
236 2317 390 2380 aquosum
411 2299 460 2360 est
486 2316 589 2359 uenae
610 2296 646 2358 in
665 2295 808 2359 uesicam
834 2294 1027 2378 refundunt,
1051 2295 1143 2378 liqui-

175 2380 251 2445 dum
271 2401 348 2444 uero
369 2401 547 2464 purumque
576 2382 609 2444 et
635 2379 758 2444 altilem
785 2380 978 2464 sanguinem
1005 2378 1169 2463 singuliss

173 2464 273 2527 totius
297 2465 438 2548 corporis
459 2462 610 2528 membris
624 2465 813 2529 ministrant
835 2469 867 2529 et
888 2465 935 2528 ita
948 2464 986 2527 fit
1008 2467 1054 2546 ut,
1071 2486 1144 2528 eum

176 2547 283 2611 eibum
304 2548 389 2612 solus
411 2552 526 2612 uenter
548 2547 702 2632 accipiat,
727 2548 880 2614 alimonia
908 2549 975 2614 eius
998 2549 1143 2632 dispersa

175 2651 233 2714 per
259 2633 426 2697 uniuersos
459 2633 675 2696 membrorum
701 2636 825 2697 meatus
859 2655 932 2699 ossa
959 2655 1083 2718 quoque
1111 2637 1144 2698 11

120 2712 165 2778 23
175 2715 331 2780 medullas
353 2718 386 2781 11
407 2738 531 2802 ungues
553 2717 679 2782 nutriat
701 2720 734 2782 11
756 2718 899 2802 capillos.
937 2718 1072 2782 ethaeo
1094 2721 1144 2782 est

174 2803 289 2883 quarta
316 2801 470 2886 digestio,
505 2823 586 2886 quae
615 2802 650 2866 in
684 2802 820 2887 singulis
852 2803 972 2868 mebris
1000 2802 1039 2866 fit
1066 2803 1143 2866 dum
1172 2830 1177 2857 ι

174 2884 258 2966 quod
279 2885 337 2949 uni
360 2885 473 2970 cuique
495 2887 637 2952 membro
660 2887 771 2951 datum
793 2891 842 2952 est
863 2887 926 2971 ipsi
947 2888 1090 2952 membro
1104 2887 1143 2951 fit

173 2969 417 3035 nutrimentum.
473 2993 533 3036 nee
565 2975 675 3037 tamen
710 2970 786 3037 huic
821 2973 942 3037 totiens
975 2971 1142 3036 defaecato

173 3054 363 3119 retrimenta
383 3076 441 3120 sua
462 3056 594 3139 desunt,
618 3077 700 3140 quac
723 3077 796 3120 cum
817 3057 961 3122 membra
976 3057 1084 3120 omnia
1106 3057 1142 3121 in

173 3157 232 3201 sua
258 3142 335 3203 sunt
362 3139 500 3204 sanitate
527 3161 585 3224 per
612 3140 753 3205 occultos
781 3143 980 3206 euanescunt
1004 3145 1139 3206 meatus.

121 3220 165 3285 24
173 3221 263 3306 siqua
289 3245 366 3289 uero
391 3246 468 3308 pars
491 3225 632 3311 corporis
655 3228 836 3310 aegrescat,
866 3227 902 3290 in
923 3227 1028 3312 ipsam
1050 3227 1141 3310 quasi
1154 3247 1179 3288 35

172 3363 377 3374 σ-----

240 3432 258 3482 4
283 3428 508 3485 ΑΛΛΟΙωΤΙΚΗΙ
535 3431 560 3482 P
626 3432 642 3481 δ
665 3429 712 3482 fex
780 3433 795 3482 ⁷
822 3429 1089 3492 ΑΠΟΕΚ1ΚΡΙΤΙΚΗ
1117 3433 1143 3482 Ρ

168 3497 203 3544 15
221 3513 301 3565 quoq.
318 3499 346 3550 P
412 3501 446 3551 24
463 3515 498 3551 sa
514 3500 541 3551 P
606 3500 639 3550 27
658 3502 762 3565 acerprt
779 3491 812 3550 P‘
