2362 3878
104 133 166 199 136
515 146 611 193 mum
633 145 660 191 11

49 298 52 303 ’
105 304 145 367 ad
169 301 304 365 crimina
328 299 459 383 aliisque
482 299 596 396 quibus
617 299 769 382 frequens
789 296 869 362 illud
891 297 1080 385 conuiuium

104 387 169 451 fuit
190 407 247 449 uos
270 384 439 469 quisquam
460 386 608 447 aest1met
630 383 889 467 comparandos'.

67 473 90 535 4
191 469 300 533 ‘Bona
322 469 421 533 uerba
435 475 569 553 quaeso'
592 468 819 533 Praetextatus
841 467 887 531 ait
910 467 1014 532 ‘circa
1028 489 1075 532 re-

105 555 284 621 uerentiam
311 556 439 618 tantum
462 551 643 618 Socraticae
669 552 859 617 maiestatis.
904 573 983 617 nam
1005 552 1075 617 reli·

106 642 177 726 quis
198 639 253 724 qui
273 639 308 703 in
329 639 384 702 illo
404 637 493 702 fuere
513 638 674 722 symposio
688 637 769 702 haec
783 636 906 702 lumina
922 637 995 722 quis
1009 658 1096 703 nona

68 722 560 892 atterebantur?
590 722 1075 891 ‹ttdttblttltttr

107 892 276 979 supercilio
298 914 365 957 non
388 892 490 957 defuit
510 892 573 977 qui
579 891 748 976 psaltriam
762 891 937 956 intromitti
952 895 1075 976 peteret

106 983 144 1043 ut
165 978 272 1062 puella
295 1000 333 1041 ex
355 976 514 1041 industria
536 998 633 1060 supra
649 979 801 1041 naturam
815 975 942 1041 mollior
958 998 1075 1042 canora

107 1063 273 1127 dulcedine
302 1065 334 1126 et
361 1060 542 1126 saltationis
570 1060 693 1127 lubrico
722 1063 885 1126 exerceret
905 1061 1075 1127 inlecebris
1086 1081 1110 1121 a

71 1148 91 1213 6
106 1148 379 1232 philosophantes.
416 1145 484 1210 illic
504 1145 566 1211 hoe
580 1146 650 1212 fieri
665 1148 859 1230 temptatum
873 1149 923 1210 est
938 1150 976 1211 ut
990 1147 1076 1244 Aga·

107 1232 217 1298 thonis
239 1232 375 1295 uictoria
398 1231 628 1315 celebraretur,
655 1252 714 1296 nos
736 1231 891 1296 honorem
914 1231 965 1295 dei
990 1252 1077 1296 curus

107 1317 169 1381 hoc
195 1317 314 1381 festum
343 1318 392 1380 est
418 1314 507 1380 nullo
536 1315 679 1380 admixtu
706 1315 883 1399 uoluptatis
911 1336 1076 1401 augemus.

107 1423 211 1484 neque
240 1422 300 1485 ego
327 1421 399 1464 sum
425 1401 552 1465 nescius
579 1421 637 1465 uos
665 1422 726 1465 nec
748 1399 915 1465 tristitiam
937 1422 1000 1465 nec
1021 1422 1078 1464 nu-

108 1486 209 1550 bilum
236 1484 361 1549 urdtum
394 1485 429 1550 in
457 1486 549 1550 bonis
578 1485 693 1550 ducere
720 1506 781 1550 nec
810 1484 960 1550 Crassum
988 1485 1079 1550 illum
1091 1503 1118 1544 1⁵

108 1593 203 1655 quem
232 1569 343 1636 Cicero
372 1572 501 1635 auctore
529 1569 652 1636 Lucilio
680 1569 778 1635 semel
810 1569 846 1634 in
872 1570 942 1634 uita
970 1568 1080 1635 risisse

110 1655 223 1721 scribit
244 1676 440 1739 magnopere
462 1655 601 1719 mirari’.

74 1744 91 1806 7
195 1739 246 1804 Ad
275 1740 355 1804 haec
378 1762 450 1804 curn
473 1740 700 1805 Praetextatus
722 1740 843 1805 diceret
864 1739 1005 1805 ludicras
1027 1761 1082 1805 uo·

109 1826 251 1909 luptates
272 1845 334 1889 nec
349 1825 413 1889 suis
429 1824 605 1889 Penatibus
621 1825 770 1890 adsuetas
785 1846 846 1890 nee
861 1828 938 1889 ante
955 1827 1082 1891 coetum

74 1912 177 1976 Stam
200 1909 319 1974 serium
340 1909 578 1993 producendas,
604 1911 731 1994 excepit
752 1909 963 1995 Symmachus
986 1910 1123 1994 ‘quiaro

335 2010 560 2077 Saturnalibus
582 2012 704 2097 optimo
726 2012 849 2076 dierum

110 2117 146 2177 ut
168 2114 215 2178 ait
228 2112 425 2179 Veronensis
447 2117 555 2198 poeta,
577 2135 638 2178 nec
660 2113 809 2199 uoluptas
830 2113 924 2178 nobis
947 2117 985 2178 ut
999 2112 1081 2178 Stoi-

111 2199 156 2263 cis
176 2202 341 2283 tamquam
361 2198 463 2263 hostis
484 2198 682 2282 repudianda
698 2202 762 2281 est,
786 2219 846 2263 nec
861 2201 897 2262 ut
910 2197 1081 2282 Epicureis

110 2306 269 2348 summum
296 2284 417 2347 bonum
442 2284 478 2346 in
498 2284 665 2366 uoluptate
690 2284 891 2366 ponendum,
921 2283 1081 2368 excogite-

109 2391 180 2433 mus
204 2368 404 2432 alacritatem
425 2367 560 2432 lasciuia
584 2371 747 2432 carentem
770 2371 818 2451 et,
839 2368 877 2432 'ni
898 2366 1010 2448 fallor,
1033 2369 1081 2433 in-
1093 2386 1123 2427 aa

110 2453 201 2535 ueni,
223 2454 260 2516 ut
274 2451 359 2515 iocos
374 2454 520 2516 ueterum
535 2472 573 2515 ac
586 2451 744 2517 nobilium
758 2453 900 2518 uirorum
915 2452 1081 2518 edecuma-

88 2542 160 2602 'tos
183 2557 222 2601 ex
243 2534 422 2619 multiiugis
444 2534 535 2600 libris
557 2535 714 2602 relatione
734 2539 847 2603 mutua
867 2536 1078 2623 proferamus.

75 2623 190 2687 9haec
217 2620 310 2686 nobis
338 2620 381 2684 sit
408 2620 552 2686 litterata
578 2621 704 2686 laetitia
732 2625 765 2687 et
793 2622 888 2687 docta
915 2621 1080 2687 cauillatio

110 2708 214 2771 uicem
228 2704 409 2790 planipedis
425 2709 458 2770 et
472 2706 636 2771 sabulonis
651 2707 814 2790 impudica
828 2709 861 2771 et
875 2709 1080 2805 praetextata

111 2792 209 2855 uerba
242 2790 391 2855 iacientis
426 2791 466 2855 ad
499 2791 653 2875 pudorem
686 2813 724 2858 ac
751 2792 941 2856 modestiam
968 2811 1079 2856 uersus
1092 2809 1123 2850 ao

180 2981 211 3030 21
232 2977 394 3045 caturia,
415 2982 446 3032 15

179 3175 345 3250 dlympdsro
358 3183 393 3246 B,
412 3183 425 3233 l
442 3183 592 3249 simphosio
611 3184 697 3240 addt
768 3186 799 3235 10
816 3184 926 3235 lubnoa
943 3176 975 3234 F
1021 3180 1081 3232 rlle-

112 3249 204 3302 cebns
217 3252 244 3301 P
311 3256 342 3303 11
361 3253 409 3318 phi
425 3255 452 3303 in
469 3251 696 3318 philosophantes
710 3255 735 3302 in
753 3268 806 3303 ras.
826 3255 852 3303 in
869 3253 895 3302 P
968 3254 1000 3303 16
1018 3265 1082 3301 auc·

111 3324 200 3371 torem
217 3311 252 3370 B'
310 3320 393 3372 semel
411 3321 498 3374 om.P
565 3321 597 3371 18
614 3319 754 3386 ptextatus
768 3321 803 3370 cr'r
821 3321 847 3370 P
914 3321 948 3371 23
966 3309 1082 3370 holtrss'

111 3390 144 3439 27
162 3388 296 3440 relatione
313 3391 406 3441 mutua
418 3383 452 3438 B'
521 3387 674 3455 281etrerat
694 3391 721 3438 in
738 3403 792 3439 raa.
803 3389 830 3439 in
842 3389 868 3438 P
934 3389 968 3439 29
985 3388 1082 3451 ptexta

1 3503 3 3509 ,
112 3457 144 3517 P,
162 3455 283 3523 prirexta
301 3457 328 3508 B
