2362 3878
383 200 556 275 11,15-16.
580 207 631 274 111,
651 201 742 254 1-10
987 195 1052 262 403

81 359 179 424 habet
201 359 363 424 iniuriam.
414 363 507 424 tanto
529 361 617 425 enirn
642 361 786 444 pressius
807 362 945 428 haerent
966 364 1087 432 delae

79 445 159 508 talia
213 467 287 521 uam
324 445 464 510 directae
496 445 671 529 loedoriae,
709 449 746 510 ut
781 446 869 511 hami
901 449 1051 533 angulosi

33 550 35 556 ’
79 552 173 612 quam
191 467 310 594 directi
331 550 501 594 mucrones
523 529 669 594 tenacius
691 530 887 616 infiguntur,
911 534 1050 600 maxime

78 615 153 698 quia
181 614 267 679 dicta
295 615 390 679 huius
417 615 504 678 modi
530 615 632 679 risum
659 616 884 698 praesentibus
905 623 1048 703 mouent,

52 719 140 783 equo
162 699 251 763 uelut
273 700 426 764 adsensus
449 720 567 784 genere
591 699 799 766 confirmatur
825 701 954 766 iniuria.
1001 705 1084 770 estb'

78 786 186 848 autem
207 783 348 848 loedoria
363 784 559 849 huiusmodi
574 784 780 850 oblitusne
802 807 841 850 es
863 787 955 870 quia
977 789 1050 852 sal-

78 872 257 933 samenta
278 868 504 934 uendebas?
547 891 689 934 scomma
711 873 836 954 autem,
865 872 949 955 quod
971 872 1050 937 dixi-

77 975 147 1050 mus
166 975 264 1051 ,saepe
287 953 515 1018 contumeliam
537 975 606 1052 esse
629 954 784 1040 celatam,
814 956 879 1020 tale
902 959 951 1021 est
973 960 1049 1022 m'e-

39 1144 64 1183 10
77 1039 1050 1220 tlautalrltlttttthlttttffttttrata

77 1208 166 1272 dona
197 1212 261 1293 est,
300 1209 384 1293 quod
417 1213 526 1293 aperte
562 1208 723 1274 obiectum
760 1210 1048 1296 exprobratumque
1151 1252 1155 1263 ι

77 1297 140 1376 est,
170 1292 232 1358 hoc
259 1316 416 1377 scomma,
445 1295 529 1379 quod
556 1294 703 1380 figurate,
755 1293 965 1379 Octauius,
994 1296 1084 1381 quil

75 1381 156 1441 natu
177 1379 295 1443 nobilis
317 1379 496 1464 uidebatur,
521 1378 707 1445 Ciceroni
728 1379 881 1445 recitanti
903 1381 949 1444 ait
969 1401 1049 1445 000

77 1462 193 1527 audio
216 1485 313 1547 quae
337 1463 447 1528 dicis.
491 1463 546 1528 ille
568 1464 734 1548 respondit
758 1468 866 1530 certe
889 1465 1048 1530 solebas

40 1546 178 1610 abone
200 1548 357 1612 foratas
381 1570 494 1614 aures
516 1548 673 1614 habere.
708 1549 769 1614 hoo
785 1571 822 1615 eo
838 1550 1049 1635 dictumquia

77 1631 231 1696 Octauius
253 1633 350 1717 Libys
372 1634 525 1698 oriundus
553 1634 735 1718 dicebatur,
771 1635 885 1718 quibus
907 1657 976 1700 mos
999 1638 1049 1700 est

76 1738 185 1781 aurem
207 1718 323 1783 forare.

160 1819 200 1883 In
223 1818 359 1884 eundem
382 1819 613 1885 Ciceronem
635 1819 829 1884 Laberius
853 1840 925 1883 cum
947 1820 989 1882 ab
1011 1821 1084 1886 e08

76 1904 116 1966 ad
140 1924 323 1967 consessum
344 1925 412 1968 non
433 1905 629 1989 reciperetur
642 1903 802 1971 dicentem
829 1903 1049 1987 reciperem

37 1990 114 2051 rote
141 1987 221 2051 nisi
250 1991 421 2072 anguste
449 1989 641 2072 sederem,
672 1986 719 2052 ait
745 1988 861 2052 mimus
888 1987 944 2051 ille
965 2009 1048 2051 mor·

76 2071 198 2136 daciter
230 2073 340 2156 atqui
379 2071 538 2137 solebas
571 2071 722 2136 duabus
755 2072 871 2136 sellis
909 2072 1048 2137 sedere
1158 2142 1161 2147 ,

76 2157 219 2222 obiciens
247 2160 340 2221 tanto
373 2157 443 2222 uiro
475 2157 633 2222 lubricum
666 2155 751 2221 fidei.
808 2157 864 2221 sed
900 2158 932 2219 et
964 2157 1048 2239 quod

76 2243 187 2308 Cicero
216 2242 297 2307 dixit
323 2242 404 2307 nisi
438 2244 610 2328 anguste
644 2240 871 2323 sederem,
906 2261 1048 2305 scomma

74 2328 138 2392 fuit
165 2328 200 2391 in
230 2327 265 2394 O.
294 2326 480 2412 Gaesarem,
510 2327 628 2412 quiin
657 2328 805 2390 senatum
832 2325 953 2410 passim
979 2329 1048 2388 tarn

38 2433 63 2472 25
76 2414 193 2478 multos
216 2413 409 2479 admittebat
435 2416 472 2479 ut
500 2434 553 2477 eos
576 2411 832 2497 quattuordecim
854 2410 974 2496 gradus
998 2431 1048 2473 ca·

75 2519 151 2581 pere
176 2520 244 2563 000
271 2501 413 2583 possent.
464 2498 523 2562 tali
553 2518 631 2582 ergo
658 2517 793 2582 genere,
829 2495 913 2580 quod
945 2495 1085 2560 fetum9

77 2584 287 2647 contumeliae
315 2586 380 2667 est,
410 2583 637 2649 abstinendum
669 2580 810 2666 sapienti
832 2600 974 2664 semper,
999 2600 1047 2643 ce-

75 2666 153 2730 teris
175 2667 211 2729 in
233 2668 389 2733 conuiuiis
412 2671 471 2733 est.

162 2766 245 2832 Sunt
267 2768 330 2832 alia
352 2772 528 2834 scommata
548 2769 655 2834 minus
678 2788 806 2853 aspera,
837 2767 928 2852 quasi
951 2765 1097 2832 eden-10

38 2854 164 2916 rotatae
192 2850 304 2916 beluae
331 2874 472 2937 morsus,
500 2856 538 2917 ut
559 2852 718 2917 Tullius
741 2853 777 2917 in
800 2851 963 2917 consulem
991 2851 1047 2934 qui

76 2958 141 3000 uno
167 2939 297 3000 tantum
324 2937 374 3000 die
404 2937 604 3002 consulatum
654 2937 759 3022 eregit
786 2936 919 3001 solent
938 2935 975 3000 in
997 2935 1048 2999 uit

77 3043 163 3086 esse
185 3021 374 3085 flamines
397 3020 541 3106 diales,
563 2959 674 3086 modo
703 3021 887 3087 consules
915 2956 1048 3084 diales

76 3107 264 3172 habemus
298 3108 330 3171 et
360 3106 397 3170 in
432 3106 567 3172 eundem
603 3105 955 3191 uigilantissimus
989 3105 1050 3167 est
1105 3179 1110 3189 ,

144 3381 283 3449 2100000
300 3383 327 3433 Ρ
394 3379 534 3448 6101000
551 3381 577 3431 Ρ
627 3378 819 3432 80000011οΡ
870 3380 902 3428 10
920 3376 954 3426 so
971 3376 1049 3426 dicta

77 3448 112 3498 l1t
128 3450 154 3498 P
220 3450 329 3517 ledorra
346 3450 371 3500 P
456 3450 488 3501 lo
510 3446 624 3500 oriundo
642 3449 668 3499 P
734 3448 766 3499 19
783 3446 905 3497 rdrcente
922 3445 948 3495 P
1015 3445 1049 3494 22

78 3517 203 3568 obrcrenl
217 3545 250 3554 -
269 3519 338 3569 fider
357 3534 404 3572 om.
424 3507 454 3567 P'
522 3519 556 3567 24
574 3513 630 3582 οο]
649 3533 680 3583 g·
701 3516 726 3566 P
792 3515 829 3564 ‘lt
846 3513 906 3585 rap
920 3511 943 3558 P

846 3591 920 3655 bb*
