2362 3878
140 179 205 245 504
563 192 659 239 niani
682 192 695 238 i

141 349 344 429 obserantur,
366 348 403 409 ut
416 346 527 409 tamen
541 344 678 429 diligens
695 382 735 392 -
750 345 814 408 nisi
829 345 995 429 diffinitae,
1012 351 1049 412 ut
1065 348 1111 412 di·

142 433 258 515 ximm,
273 429 626 516 inpeditur—subesse
641 451 676 494 re
699 430 804 512 periet
819 431 1111 514 apprehendendae

142 517 281 602 uestigia
307 514 453 580 ueritatis
460 564 469 599 ,
504 517 541 578 ut
569 535 642 579 ecce
703 514 875 579 emericum
903 517 1065 582 somnium
1090 539 1112 583 a

141 602 234 685 Ioue,
258 604 295 666 ut
317 600 444 683 dioran,
468 599 601 664 missurn
623 599 663 663 ad
686 599 915 664 conserendam
929 600 1041 666 futuro
1058 603 1111 666 die

143 708 216 752 cuin
237 685 382 750 hostibus
404 706 536 749 manum
558 685 617 749 sub
640 687 751 767 aperta
773 686 984 769 promissione
1009 687 1137 752 uicto-c

142 772 210 921 pilae
232 770 432 918 cpemlregis
454 769 627 867 animauit:
649 769 833 917 ille,Euelut
854 770 999 868 diuinum
1021 794 1111 837 secu·

178 879 194 920 s
233 877 331 921 oracu
344 877 399 920 um
437 875 605 920 commisso
666 876 766 920 racc
810 876 936 920 amissis
979 878 1112 922 suorum

105 941 288 1025 5plurimis
310 941 365 1005 uix
388 961 545 1025 aegreque
567 940 603 1004 in
626 877 732 1005 ciistra
753 939 918 1004 remeauit.
962 963 1042 1005 num
1065 941 1112 1006 di·

144 1025 281 1091 cendum
307 1028 357 1090 est
384 1025 479 1091 deum
504 1025 675 1090 mandasse
701 1023 927 1090 mendacium?
962 1047 1029 1090 noii
1063 1028 1112 1091 ita

143 1114 208 1195 est,
232 1110 287 1175 sed
309 1111 383 1194 quia
404 1110 496 1175 illum
519 1131 627 1174 casum
642 1109 774 1175 Graecis
795 1109 865 1174 fata
885 1110 1109 1195 decreuemnt,
1126 1131 1152 1170 ιο

142 1196 240 1261 latuit
261 1195 298 1259 in
319 1194 427 1259 uerbis
448 1195 575 1276 somnii,
600 1195 684 1278 quod
706 1194 965 1259 animaduersum
994 1195 1048 1259 uel
1070 1199 1112 1260 ad

143 1302 218 1345 uere
239 1280 434 1344 uincendum
461 1279 514 1344 uel
542 1279 582 1343 ad
605 1280 783 1344 cauendum
810 1280 925 1343 saltem
951 1280 1113 1363 potuisset

108 1363 313 1429 Ginstruere.
365 1363 481 1428 habuit
518 1364 604 1428 enim
641 1365 827 1448 praeceptio
871 1367 908 1428 ut
939 1365 1112 1430 uniuersus

143 1449 371 1533 produceretur
393 1449 567 1531 exereitus,
592 1449 701 1515 atille
723 1450 791 1514 sola
812 1449 980 1534 pugnandi
1003 1448 1112 1515 horta-

142 1534 232 1598 tione
254 1535 425 1597 contentue
453 1555 519 1597 non
546 1533 628 1598 uidit
654 1533 730 1618 quid
752 1534 791 1598 de
812 1534 1017 1618 producenda
1039 1536 1112 1600 uni·
1125 1553 1152 1594 1⁵

143 1617 298 1682 uersitate
325 1622 532 1702 praeceptum
560 1619 618 1702 sit,
653 1620 940 1704 praetermissoque
969 1618 1110 1704 Achille,

143 1702 198 1788 qui
220 1706 299 1768 tunc
321 1704 444 1767 recenti
466 1703 633 1768 lacessitus
656 1705 774 1768 iniuria
796 1705 837 1768 ab
853 1704 950 1768 armis
965 1725 1038 1768 cum
1054 1726 1111 1769 suo

143 1787 245 1853 milite
278 1787 472 1871 feriabatur,
505 1809 563 1853 rex
596 1810 784 1875 progressus
817 1789 852 1852 in
883 1789 1042 1871 proelium
1079 1792 1113 1854 et

145 1894 254 1938 casum
275 1872 331 1957 qui
352 1873 528 1938 debebatur
553 1875 693 1957 excepit,
724 1876 757 1938 et
785 1872 923 1937 absoluit
950 1874 1111 1938 somnium

144 1957 268 2022 inuidia
287 1958 467 2023 mentiendi
488 1979 555 2023 non
570 1959 679 2023 omnia
695 1959 733 2023 de
754 1958 920 2041 imperatis
935 1959 1108 2042 sequendo.
1124 1978 1149 2019 io

108 2040 126 2102 7
144 2064 255 2125 parem
267 2043 491 2109 obseruantiae
506 2043 709 2128 diligentiam
723 2041 913 2107 Homericae
929 2063 987 2126 per
1002 2044 1111 2107 omnia

144 2127 351 2210 perfectionis
373 2128 515 2192 imitator
536 2127 627 2192 Maro
654 2129 688 2192 iii
717 2127 835 2192 talibus
863 2148 987 2212 quoque
1015 2128 1111 2191 rebus

144 2212 295 2277 obtinuit.
324 2234 400 2277 nam
424 2212 508 2296 apud
533 2212 625 2277 illum
646 2213 776 2276 Aeneas
803 2213 843 2276 ad
869 2213 1036 2296 regionem
1063 2212 1112 2276 in-

144 2297 297 2362 struendo
319 2318 420 2383 regno
447 2297 592 2363 fataliter
614 2297 796 2383 eligendam
821 2297 900 2362 satia
923 2296 1113 2381 abundeque

144 2380 238 2447 Delio
267 2383 442 2448 instructus
470 2383 615 2466 oraculo,
648 2384 684 2446 in
714 2402 852 2448 errorem
877 2384 988 2445 tamen
1015 2383 1150 2446 uniusic

107 2463 234 2532 8uerlii
255 2466 465 2552 neglegentia
486 2469 628 2550 relapsus
651 2470 709 2531 est.
754 2487 821 2531 non
849 2465 977 2550 quidem
1004 2465 1114 2530 fuerat

142 2551 286 2616 locorum
315 2571 396 2634 quae
423 2554 533 2634 petere
555 2551 685 2615 deberet
711 2572 830 2615 nomen
857 2552 1030 2634 insertum,
1056 2551 1113 2615 sed

144 2635 330 2782 atella
343 2635 1114 2804 tlttrattitttltttttr{tl

144 2803 252 2951 gentis
275 2767 421 2868 aiictorea
447 2806 582 2890 utraque
609 2805 842 2889 produxerant,
872 2771 977 2889 inagis
1006 2808 1113 2870 osten·
1126 2828 1151 2868 ao

167 2889 235 2951 eret
262 2890 304 2970 et,
328 2889 412 2973 quod
440 2890 547 2973 aiunt,
577 2889 678 2974 digito
706 2891 942 2955 demonstraret
969 2888 1111 2954 Italiam.

211 3095 281 3142 tim
304 3093 393 3144 editur
411 3096 436 3143 P
485 3099 608 3160 reponat
625 3094 674 3143 PB
725 3096 986 3161 apprehendendum
1004 3087 1036 3145 P'
1096 3098 1113 3145 3

144 3166 175 3212 ut
192 3177 238 3212 om.
355 3162 468 3213 ldierii
488 3165 521 3213 ci'i
541 3158 575 3212 B'
643 3162 814 3213 'llerucrum
832 3164 881 3213 PB
935 3163 1115 3214 9eltomP

177 3229 345 3280 mendatium
363 3231 389 3280 P
439 3233 471 3281 10
489 3227 567 3281 rac
620 3232 652 3279 14
669 3229 814 3281 horatione
827 3223 859 3281 P'
929 3231 960 3280 16
978 3230 1062 3282 acille
1080 3222 1113 3279 P¹

146 3299 176 3348 18
195 3298 351 3348 feriebatur
369 3290 400 3348 P‘
450 3298 567 3364 prelium
578 3289 620 3361 P‘,
638 3297 742 3364 plii’iB
792 3297 1027 3365 rumperetur?
1079 3300 1114 3349 23

144 3370 262 3431 optinuit
280 3365 305 3415 B
391 3369 424 3418 26
441 3366 636 3431 neiglegentra
654 3362 690 3432 (i‘a
708 3381 762 3420 rac.
779 3368 831 3427 fuit
849 3372 876 3425 e)
896 3368 920 3416 P
1003 3368 1035 3417 27
1060 3381 1114 3432 que

143 3450 208 3496 pere
228 3425 260 3484 P‘
311 3427 404 3484 letB'
472 3437 505 3486 29
524 3448 603 3498 quem
621 3449 690 3487 corr.
708 3436 734 3483 in
753 3448 805 3499 que
824 3433 894 3484 inB
952 3437 985 3485 30
1003 3435 1117 3484 autores

138 3493 179 3564 P',
198 3504 341 3553 auctorem
358 3500 386 3552 B
