2362 3878
443 192 509 256 xx,
527 185 635 237 16-26
966 174 1028 240 557

59 346 134 428 quia
162 345 201 408 ad
230 343 433 408 efficiendam
460 345 609 407 terrenae
637 344 769 408 umbrae
792 344 1028 429 longitudinem

59 451 124 493 non
147 429 285 493 ambitus
312 432 418 492 terrae
446 429 501 492 sed
529 428 675 492 diametri
703 450 854 493 mensura
874 429 1028 514 multipli-

60 514 164 579 canda
192 518 242 577 est
268 551 310 561 -
336 514 407 597 ipsa
436 516 486 577 est
515 513 602 576 enim
629 534 726 596 quam
754 534 878 577 sursum
901 517 1028 578 constat

60 620 241 664 excrescere
262 635 303 645 —
326 597 472 683 sexagies
493 597 738 681 multiplicanda
757 597 819 662 tibi
834 600 929 661 crunt
942 602 1027 662 octo·

33 684 154 768 sginta
176 683 276 765 milia,
300 704 380 766 quae
403 688 509 746 terrae
536 682 706 746 diametros
733 682 847 764 habet,
878 703 958 765 quae
980 681 1028 745 fa-

61 769 151 832 ciunt
173 767 363 851 quadragies
386 767 485 831 octies
508 771 644 831 centena
664 767 754 831 milia
769 768 943 831 stadiorum
959 787 1028 832 esse
1064 814 1068 822 .

60 856 187 917 eterra
208 874 307 936 usque
330 852 370 915 ad
393 852 468 916 solis
492 874 634 933 cursum,
664 873 726 935 quo
754 853 901 916 umbram
922 854 1028 914 terrae
1060 878 1062 883 ’

60 937 199 1000 diximus
221 937 399 1020 peruenire.
444 940 531 1000 terra
554 941 662 1000 autem
688 936 724 1000 in
753 937 857 1001 medio
881 936 1027 1000 caelestis
1037 932 1079 996 22

61 1022 172 1086 circuli
199 1043 257 1105 per
284 1042 378 1105 quem
408 1022 456 1085 sol
485 1022 585 1086 currit
612 1024 649 1085 ut
677 1025 811 1086 centron
838 1020 945 1085 locata
967 1023 1027 1101 est,

19 1123 45 1162 10
61 1128 137 1191 ergo
159 1128 310 1171 mensura
331 1111 480 1170 terrenae
502 1106 633 1171 umbrae
655 1106 858 1170 medietatem
881 1106 1028 1169 diametri

61 1191 207 1255 caelestis
230 1191 359 1273 efficiet,
384 1195 416 1255 et
439 1191 466 1254 si
489 1191 529 1254 ab
553 1190 654 1255 altera
675 1212 800 1276 quoque
815 1193 908 1274 parte
922 1193 1028 1253 terrae

59 1299 119 1359 par
147 1297 245 1359 usque
274 1276 314 1339 ad
343 1277 479 1340 eundem
513 1274 666 1341 circulum
694 1298 843 1340 mensura
865 1275 1026 1359 tendatur,

60 1363 187 1443 integra
217 1360 328 1423 circuli
354 1383 412 1445 per
440 1383 534 1445 quem
555 1361 603 1424 sol
625 1361 725 1426 currit
746 1360 917 1425 diametros
939 1359 1029 1424 inue-

60 1445 158 1507 nitur.
205 1444 376 1527 duplicatis
403 1446 505 1530 igitur
531 1445 596 1510 illis
618 1445 810 1530 quadragies
832 1445 932 1509 octies
955 1466 1027 1508 cen·
1038 1440 1079 1506 23

23 1548 47 1585 u
60 1529 144 1592 tenis
166 1529 296 1593 milibus
319 1532 380 1593 erit
401 1530 530 1615 integra
552 1531 723 1596 diametros
747 1531 894 1595 caelestis
918 1528 1027 1594 circuli

60 1613 217 1697 nonagies
246 1614 347 1677 sexies
376 1614 521 1679 centenis
547 1616 677 1680 milibus
704 1615 896 1696 stadiorum,
927 1618 959 1679 et
980 1615 1029 1678 in-

60 1702 160 1762 uenta
182 1698 355 1764 diametros
381 1698 478 1764 facile
505 1722 689 1765 mensuram
715 1701 807 1763 nobis
830 1701 930 1782 ipsius
953 1719 1028 1781 quo-

60 1805 120 1867 que
143 1783 282 1847 ambitus
304 1784 421 1868 prodit.
466 1783 552 1849 hanc
574 1784 660 1848 enim
675 1805 841 1864 summam,
866 1804 947 1866 quae
963 1782 1029 1845 dia·
1038 1779 1081 1842 24

60 1873 186 1931 metron
213 1867 307 1951 fecit,
343 1869 438 1933 debes
471 1872 521 1931 ter
547 1868 761 1950 multiplicare
789 1866 915 1931 adiecta
935 1870 1028 1950 parte

22 1969 48 2007 20
61 1952 214 2035 septima,
243 1955 280 2015 ut
310 1973 405 2035 saepe
432 1953 496 2015 iam
519 1952 726 2033 dictumest,
756 1953 789 2014 et
815 1952 861 2015 ita
881 1951 1028 2015 inuenies

60 2037 159 2099 totius
183 2035 292 2100 circuli
316 2057 374 2119 per
395 2058 489 2121 quem
505 2037 552 2100 sol
568 2036 668 2100 currit
683 2036 838 2100 ambitum
854 2036 1029 2101 stadiorum

61 2121 179 2184 habere
201 2121 374 2184 trecenties
403 2124 540 2185 centena
566 2120 657 2185 milia
685 2124 718 2184 et
744 2121 877 2204 insuper
899 2124 1029 2185 centum

61 2205 268 2290 septuaginta
289 2205 387 2270 milia.
432 2205 484 2271 his
506 2206 610 2286 dictis,
635 2205 750 2290 quibus
769 2226 919 2270 mensura
934 2203 1080 2289 quamdi>

61 2297 167 2355 terrae
193 2290 246 2355 uel
273 2290 411 2355 ambitus
439 2291 490 2355 uel
514 2292 685 2356 diametros
707 2289 815 2371 habet,
837 2291 893 2354 sed
915 2293 948 2354 et
970 2290 1028 2354 cir·

24 2392 49 2431 2⁵
63 2375 127 2439 culi
159 2376 270 2441 modus
303 2397 361 2459 per
393 2397 488 2461 quem
521 2377 569 2440 sol
597 2376 696 2440 currit
716 2374 769 2439 uel
791 2374 938 2439 diametri
962 2375 1029 2439 eius

61 2461 255 2525 ostenditur:
278 2483 366 2526 nunc
380 2482 475 2545 quam
490 2461 566 2526 solis
581 2482 650 2525 esse
664 2481 848 2524 mensuram
861 2460 914 2524 uel
934 2481 1029 2544 quem

62 2546 252 2609 admodum
279 2546 329 2610 illi
356 2546 598 2631 prudentissimi
620 2545 890 2629 deprehenderint
911 2545 1030 2609 indice-

62 2652 143 2693 mus.
187 2653 263 2694 nam
295 2632 379 2696 siout
411 2653 450 2696 ex
482 2635 611 2696 terrena
644 2631 757 2695 umbra
785 2629 891 2714 potuit
918 2629 1029 2695 circuli

62 2736 120 2798 per
141 2735 235 2799 quem
262 2715 309 2780 sol
335 2719 422 2780 meat
449 2715 645 2799 deprehendi
672 2715 876 2800 magnitudo,
903 2715 951 2778 ita
972 2737 1030 2799 per

24 2817 50 2855 30
63 2800 169 2882 ipsum
191 2799 346 2863 circulum
367 2822 518 2864 mensura
541 2801 617 2865 solis
639 2800 774 2863 inuenta
797 2802 862 2880 est,
885 2799 920 2864 in
942 2800 1029 2865 huno

63 2883 191 2947 modum
213 2883 406 2966 procedente
426 2884 645 2968 inquisitionis
672 2883 815 2968 ingenio.
861 2882 1080 2969 aequinoctii

63 2968 133 3033 tiali
165 2968 215 3031 die
243 2970 318 3031 ante
347 2967 424 3033 solis
451 2972 558 3033 ortum
585 2969 796 3053 aequabiliter
817 2967 958 3034 locatum
981 2972 1030 3033 est

132 3156 350 3221 2mult1plrcata
367 3164 394 3208 ut
411 3160 463 3212 uid.
483 3150 515 3207 P‘
563 3157 785 3224 4mull1plreata
805 3150 835 3208 P'
887 3160 1030 3209 letcrra

64 3219 97 3274 P'
167 3229 197 3274 12
215 3225 271 3290 usq.
289 3225 400 3275 drmrdra
417 3227 516 3276 crrculr
535 3228 628 3277 deinde
645 3229 671 3277 in
688 3243 742 3283 rar,
761 3226 884 3277 mensura
901 3226 1030 3276 tendatur

65 3295 90 3343 P
158 3296 189 3342 14
208 3294 416 3358 quadargrelP
482 3297 514 3346 15
532 3300 585 3345 emt
602 3311 648 3346 om.
667 3287 699 3344 P'
768 3291 985 3344 lddrcentems
1000 3285 1032 3342 P'

66 3363 98 3410 18
117 3365 168 3425 qua
184 3363 369 3412 *diametrum
388 3363 413 3412 P
490 3366 522 3412 22
541 3369 570 3413 et
586 3362 696 3427 insuper
714 3362 890 3426 septuaginta
908 3360 1029 3424 (centum

65 3435 91 3479 et
110 3428 185 3478 mrlra
203 3433 315 3490 maraine
332 3433 417 3483 reciso
434 3432 577 3496 perierunt)
596 3440 656 3482 onte
674 3430 716 3481 lns
729 3432 791 3481 cdd.
808 3429 853 3478 ΒΜ
920 3431 954 3478 24
971 3445 1030 3478 am-

64 3496 151 3546 bitum
169 3489 204 3546 B'
255 3498 296 3549 set
311 3490 346 3547 B'
