2362 3878
483 178 560 224 xxii
568 209 577 242 ,
593 171 699 222 5q-14
1008 164 1072 231 343

106 336 139 397 et
159 332 290 415 reliqua,
335 331 370 399 in
393 331 453 405 hoe
475 330 544 395 loeo
559 329 740 403 Vanitatis
755 330 908 416 Paonvtt,
932 332 983 397 air
1000 354 1071 417 per-

107 416 316 499 fectissimus,
351 418 444 481 notat
471 414 628 481 neseire
656 436 697 481 se
723 414 825 483 hane
857 415 1072 483 historiam

105 502 173 566 siue
194 500 339 566 fabulam
362 522 435 585 quo
456 500 611 571 referat
632 503 805 566 auctore.
837 502 920 585 qued
942 505 1072 575 tautum
1082 503 1123 567 10

105 586 209 651 uirum
243 586 367 671 fugisse
400 586 509 651 miror.
559 606 635 653 nam
662 584 866 651 Nicander
899 586 993 657 liuius
1022 591 1072 652 est

81 675 215 735 eaueter
237 671 406 752 historiae,
431 673 526 754 poeta
548 692 663 755 quem
684 670 860 755 Dintnvs,
883 673 1069 756 grammati-

105 777 213 820 eorum
243 757 387 821 emnium
414 755 532 840 quique
560 755 627 823 sint
654 755 769 840 quique
791 755 914 825 fuerint
934 756 1070 823 instrue-

104 841 262 923 tissimus,
292 840 522 904 fabulosum
548 843 677 904 uocat.
723 841 807 925 quod
829 841 934 906 sciens
956 840 1070 926 Vergi-

103 925 165 989 lius
199 925 316 990 adiecit
350 925 382 989 si
420 925 581 991 eredere
617 925 780 1009 dignum
817 929 891 1010 est,
930 926 1008 991 adeo
1037 947 1070 990 se

103 1010 249 1075 fabulose
271 1032 365 1074 usum
384 1009 505 1074 fatetur
530 1012 670 1075 austere.

67 1113 91 1152 ιο
188 1094 228 1158 In
249 1096 345 1159 tertio
360 1095 443 1158 libro
458 1094 576 1159 cursim
596 1094 716 1180 legitur
737 1115 840 1179 ireque
860 1096 945 1161 uude
966 1094 1120 1160 trans-ll

103 1180 205 1243 latum
227 1181 269 1243 sit
291 1179 456 1263 quaeritur

146 1286 226 1347 quae
259 1263 389 1329 Phoebo
421 1267 515 1347 pater
548 1265 768 1348 omnipotens,
806 1264 886 1330 inihi
922 1264 1070 1413 {Poedus

987 1370 1005 1414 o
1032 1370 1051 1412 0

119 1432 305 1515 'praedixit
964 1373 985 1434 p

68 1535 91 1574 15
105 1520 137 1580 et
153 1520 268 1581 cetera.
304 1519 340 1581 iii
360 1518 476 1581 talibus
497 1517 575 1583 loeis
595 1518 800 1603 grammatici
817 1522 1007 1584 excusantes
1022 1519 1070 1582 in-
1081 1516 1121 1580 12

104 1601 255 1685 peritiam
277 1623 367 1666 suam
388 1602 592 1667 inuentiones
614 1604 673 1666 has
694 1603 827 1700 ingenio
849 1604 953 1688 magis
974 1625 1071 1687 quam

104 1686 269 1751 doetrinae
284 1686 428 1752 Maronis
451 1687 627 1772 adsignant
641 1708 701 1751 nee
720 1687 833 1752 dieunt
847 1709 920 1753 eum
936 1689 976 1753 ab
999 1688 1070 1752 aliis

104 1775 294 1855 mutuatum,
304 1794 346 1836 ne
355 1773 523 1837 nominare
531 1774 689 1856 cogantur
700 1776 856 1836 austeres.
870 1772 925 1836 sed
938 1772 1070 1836 adfirmo

104 1855 322 1920 doctissimum
344 1859 452 1921 uatem
475 1857 573 1921 etiam
594 1856 629 1919 iii
651 1854 713 1920 hoe
735 1855 970 1939 Anscnrnvii,
994 1859 1070 1921 emi-

66 1958 91 1997 20
104 1941 330 2004 iientissimum
351 1944 404 2005 tra
428 1940 593 2005 oediarum
614 1940 677 2004 seri
701 1942 819 2022 terem,
849 1943 994 2004 secutum
1015 1941 1070 2024 qui
1082 1941 1121 2006 13

102 2025 137 2170 ΞΠ
159 2024 374 2171 fatale-tquae
398 1962 515 2089 Patina
536 2022 650 2108 lingua
672 1962 901 2088 dacnnnorns
924 2024 1070 2089 inseriti-

117 2130 155 2171 ur
178 2130 225 2172 sie
248 2130 294 2172 ai·

189 2194 342 2257 στέλλειν
365 2189 456 2268 ὅπως
477 2191 518 2256 τά
540 2207 631 2256 ιστα·
654 2194 760 2256 ταῦτα
781 2189 847 2274 γὰρ
870 2190 979 2275 πατὴρ

178 2275 275 2426 1ᾗεύς
297 2275 451 2359 ἐγκαθίει
472 2215 578 2361 Λοξίᾳ
600 2278 815 2360 θεσπίσματα

65 2378 90 2419 25
103 2367 135 2427 et
158 2363 199 2426 a'
224 2363 235 2425 i

187 2445 314 2529 πατρὸς
335 2447 512 2530 προφήτης
536 2444 607 2510 ἐστὶ
630 2446 752 2522 Λοξίας
775 2445 865 2523 Διός.

102 2554 210 2625 ecquid
232 2548 353 2612 alarum
375 2548 498 2612 factum
521 2550 571 2613 est
597 2547 673 2611 inde
696 2547 869 2631 sumpsisse
890 2546 957 2612 Ver
983 2546 1071 2610 'lium
1080 2546 1122 2610 14

103 2631 186 2714 qued
203 2633 320 2716 Apollo
336 2654 373 2696 ea
388 2633 585 2698 uatieinetur
605 2652 686 2717 quae
709 2632 770 2696 sibi
791 2631 939 2717 Iuppiter
975 2631 1070 2696 atur?

103 2716 316 2799 probatumne
338 2718 429 2781 uobis
452 2721 501 2783 est
523 2716 718 2802 Vergilium,
742 2719 779 2781 ut
801 2717 843 2781 ab
865 2738 902 2781 eo
923 2716 1070 2802 intellegi

171 2905 203 2953 12
222 2904 415 2956 Aemiliani
503 2906 536 2956 23
558 2905 657 2971 fragm.
683 2904 726 2959 ed.
747 2905 899 2957 Hermann.
917 2907 951 2958 85
1036 2905 1070 2956 26

102 2973 217 3021 Eumen.
237 2974 268 3021 19

170 3138 323 3191 edidimus
336 3136 364 3189 P
451 3141 482 3189 12
499 3138 536 3206 ph
554 3140 589 3190 bo
606 3137 635 3190 P
704 3142 735 3192 lb
755 3147 923 3208 imperitiam
940 3138 969 3191 P
1038 3142 1069 3190 19

103 3208 187 3259 eserlii
206 3205 234 3257 P
318 3210 351 3258 20
369 3207 511 3272 sequutum
625 3209 657 3258 21
682 3207 834 3260 sacerdotis
846 3206 874 3258 P
942 3210 975 3260 23
993 3205 1070 3261 (ΤΕ-

103 3342 185 3396 nem
211 3275 311 3395 ond(
333 3340 361 3392 P
428 3339 540 3394 neree
564 3339 592 3391 P
677 3342 711 3392 24
732 3328 844 3397 zerce
864 3340 1019 3397 easaeiei
1042 3339 1071 3392 P

102 3409 294 3464 26l'ldG’O(
311 3405 560 3463 ΠΡΟΦΗΘΗ(Ρ
636 3407 817 3463 ΜΟΞΙΛΕΡ
919 3413 951 3461 27
971 3410 1070 3477 ecquid

103 3494 147 3532 ona
158 3476 186 3528 P
203 3488 228 3529 et
247 3480 365 3531 cantabr.
438 3479 470 3528 28
489 3478 606 3542 pbatnm
622 3491 657 3528 -ε-
674 3493 709 3529 ne
728 3470 765 3530 P'
