2362 3878
514 111 660 182 x,s-11
1007 101 1071 166 607

102 271 240 335 cundum
255 269 406 353 quosdam
422 269 560 333 creditur
574 272 757 351 procreata,
774 269 856 333 nihil
870 271 1071 354 praeclarum

102 356 136 418 in
158 355 257 417 libros
280 354 417 418 relatum
440 357 499 418 est.
545 353 674 418 sienim
697 354 737 418 ab
759 354 853 417 initio
874 357 972 419 immo
995 355 1107 420 ante8

100 439 229 504 initium
251 438 314 503 fuit
340 439 477 502 mundus
505 441 542 502 ut
568 438 751 522 philosophi
772 439 902 517 uolunt,
931 460 987 502 cur
1014 462 1071 522 per

100 523 368 588 innumerabilem
390 523 505 587 seriem
527 523 726 588 saeculorum
748 545 814 587 non
836 523 944 587 fuerat
967 523 1072 589 cultus

75 627 163 693 aquo
190 630 279 672 nunc
306 607 426 670 utimur
456 608 633 672 inuentus?
675 629 741 671 non
773 608 954 673 litterarum
986 629 1072 691 usus,

101 714 162 777 quo
184 693 252 756 solo
273 692 445 756 memoriae
466 692 600 757 fulcitur
623 691 821 757 aeternitas?
858 714 914 756 cur
934 692 1072 775 denique

100 778 274 842 multarum
287 798 393 840 rerum
409 777 607 860 experientia
623 777 663 841 ad
679 777 801 861 aliquas
820 780 933 862 gentes
948 777 1072 841 recenti

101 866 207 927 aetate
229 861 386 944 peruenit,
410 865 446 925 ut
469 883 542 926 ecce
565 861 651 927 Galli
665 862 766 926 uitem
778 862 830 926 uel
847 861 967 926 cultum
982 861 1072 926 oleae

100 948 204 1011 Roma
224 947 290 1010 iam
313 946 514 1010 adolescente
536 947 733 1029 didicerunt,
758 947 840 1010 aliae
860 967 936 1010 uero
957 949 1072 1030 gentes

62 1057 87 1095 10
102 1033 205 1096 adhuc
219 1032 321 1095 multa
336 1031 486 1095 nesciunt
500 1052 581 1115 quae
596 1032 690 1096 nobis
705 1031 839 1095 inuenta
859 1031 1071 1114 placuerunt?

100 1117 181 1180 haec
208 1116 316 1180 omnia
350 1115 500 1180 uidentur
519 1116 720 1180 vaeternitati
752 1137 859 1180 rerum
890 1113 1109 1199 repugnaret}

102 1203 177 1265 dum
199 1200 324 1284 opinari
346 1221 405 1264 nos
426 1199 553 1264 faciunt
576 1204 663 1265 certo
684 1201 796 1265 mundi
818 1199 978 1284 principio
994 1222 1071 1283 pau-

100 1286 194 1349 latim
222 1284 351 1369 singula
378 1306 523 1369 quaeque
552 1307 607 1350 coe
631 1286 704 1350 isse.
750 1285 806 1350 sed
827 1285 980 1349 mundum
1003 1285 1072 1369 qui-

101 1371 174 1433 dem
195 1368 293 1432 fuisse
315 1390 440 1452 semper
466 1309 669 1454 philosophia
697 1373 809 1434 auctor
837 1374 885 1435 est
908 1369 1073 1435 conditore

61 1476 87 1516 15
101 1453 229 1538 quidem
257 1454 315 1516 deo
342 1453 398 1516 sed
424 1475 490 1517 non
513 1476 552 1519 ex
579 1458 723 1538 tempore
744 1455 772 1520 si
794 1455 923 1538 quidem
944 1457 1072 1538 tempus

102 1542 178 1602 ante
199 1537 354 1601 mundum
377 1558 532 1601 essenon
555 1541 660 1622 potuit
684 1561 755 1603 cum
776 1538 860 1602 nihil
883 1539 969 1602 aliud
992 1541 1071 1602 tem-

101 1644 180 1706 pora
202 1622 265 1685 nisi
289 1642 398 1685 cursus
421 1621 496 1685 solis
520 1621 641 1687 efficiat
647 1673 656 1706 7
678 1645 729 1687 res
750 1645 827 1687 uero
849 1622 1009 1686 humanae
1033 1645 1071 1686 ex

100 1709 192 1790 parte
214 1706 355 1769 maxima
376 1727 471 1852 saepe
486 1707 636 1770 occidunt
656 1710 808 1770 manente
823 1706 942 1769 mundo
958 1707 990 1769 et
1004 1727 1071 1769 rur-

102 1814 156 1855 sus
178 1790 324 1853 oriuntur
344 1790 396 1853 uel
420 1790 565 1853 euuione
592 1790 735 1854 uicissim
757 1790 808 1854 uel
836 1789 1001 1855 em1sti0ne
1023 1812 1071 1854 re-

61 1899 88 1937 20
103 1877 231 1940 deunte.
277 1874 366 1939 ouius
380 1872 613 1937 uicissitudinis
630 1895 725 1938 causa
740 1874 792 1938 uel
807 1874 980 1938 necessitas
995 1875 1070 1939 talis
1083 1874 1124 1938 10

102 1964 160 2025 est.
189 1960 316 2043 ignem
344 1956 521 2022 aetherium
547 1956 673 2042 physici
705 1958 909 2023 tradiderunt
939 1957 1071 2023 humore

102 2045 219 2109 nutriri
242 2045 426 2107 adserentes
446 2042 518 2107 ideo
533 2043 591 2106 sub
613 2064 694 2106 zona
710 2043 791 2107 caeli
805 2045 952 2126 perusta,
976 2065 1072 2127 quam

102 2131 155 2194 uia
176 2129 252 2194 solis
275 2128 378 2192 idest
401 2127 548 2192 zodiacus
576 2127 760 2210 occupauit,
786 2127 965 2210 Oceanum,
989 2128 1073 2192 sicut

102 2237 199 2299 supra
226 2213 468 2296 descripsimus,
498 2233 516 2274 a
538 2214 654 2275 natura
681 2211 822 2276 locatum
843 2214 879 2275 ut
901 2212 1005 2275 omnis
1026 2212 1072 2275 la-

62 2319 89 2359 rs
102 2299 222 2383 titudo,
253 2319 349 2382 quam
371 2297 420 2361 sol
447 2318 520 2361 cum
548 2296 687 2381 quinque
714 2297 807 2382 uagis
830 2298 863 2359 et
889 2296 966 2359 luna
988 2297 1072 2360 ultro

104 2385 245 2468 citroque
267 2383 465 2465 discurrunt,
496 2380 615 2445 habeat
641 2381 776 2446 subiecti
797 2380 940 2444 humoris
963 2380 1072 2443 alimo-

102 2469 201 2532 niam.
247 2471 279 2531 et
300 2467 361 2532 hoc
384 2488 453 2532 esse
472 2465 587 2530 uolunt
613 2465 695 2550 quod
711 2465 869 2530 Homerus
890 2464 1071 2528 diuinarum
1084 2465 1121 2530 11

103 2552 246 2616 omnium
266 2552 492 2617 inuentionum
513 2550 586 2614 fons
609 2555 642 2615 et
664 2551 754 2635 origo
774 2551 833 2614 sub
855 2549 972 2633 poetici
987 2550 1073 2614 nube

102 2635 250 2720 figmenti
282 2658 393 2701 uerum
426 2635 627 2720 sapientibus
663 2635 808 2720 intellegi
841 2634 930 2699 dedit
962 2633 1072 2699 louem

64 2741 89 2778 so
105 2742 178 2784 cum
200 2720 249 2783 dis
273 2722 386 2785 ceteris
408 2722 442 2784 id
464 2722 514 2785 est
536 2741 608 2784 cum
630 2720 732 2783 stellis
747 2719 928 2816 profectum
942 2718 978 2783 in
994 2717 1073 2783 Oee-

104 2826 201 2868 anum
223 2803 435 2888 Aethiopibus
458 2826 530 2869 cum
553 2804 592 2867 ad
615 2825 631 2868 e
655 2804 724 2868 ulas
745 2803 970 2868 rnuitantibus.
1015 2824 1074 2886 per

103 2911 200 2974 quam
220 2888 397 2973 imaginem
418 2888 598 2953 fabulosam
647 2910 789 2954 omerum
804 2888 1004 2972 significasse
1018 2908 1073 2951 uo-

172 3142 330 3224 3philoph1
349 3143 375 3193 B
460 3143 737 3195 linnumerabssmm
755 3145 781 3193 P
856 3143 943 3193 tuuc
961 3134 993 3192 F
1060 3145 1076 3192 9

104 3229 169 3264 uero
187 3229 234 3264 om.
253 3211 279 3261 B
369 3214 401 3263 13
420 3210 522 3276 cepisse
540 3210 567 3259 B
636 3209 827 3289 14ph110phia
845 3209 871 3259 B
940 3212 971 3260 15
990 3209 1073 3259 setB

137 3281 183 3331 sed
202 3280 283 3346 quide
299 3287 328 3330 ut
344 3271 442 3333 usu]
509 3278 541 3329 18
559 3277 677 3328 mudoP
752 3281 784 3329 21
803 3276 1074 3352 phisicipPhphrhoi

78 3348 128 3413 'B
180 3351 212 3398 22
232 3347 385 3398 asserentes
400 3347 448 3397 PB
517 3347 549 3397 25
566 3360 585 3410 p
604 3346 656 3410 qud
673 3346 699 3394 P
765 3348 798 3398 27
816 3345 927 3397 omerus
939 3347 964 3394 P
1040 3346 1073 3394 28

104 3420 189 3482 petrei
209 3408 241 3466 F
