2362 3878
583 193 679 240 LIBRI
702 193 729 239 II

372 349 488 413 rimata
510 345 621 410 itineri
640 345 799 410 transitus

370 441 407 496 ut
427 431 590 496 transilire
611 430 739 495 nititur.

371 521 442 581 tum
464 516 492 581 si
513 536 621 580 morae
644 515 719 600 quid
740 515 904 599 plusculae

371 602 489 665 fuisset
509 601 545 665 in
569 604 661 665 coetu
683 600 800 684 osculi,

373 687 491 750 amoris
517 686 594 770 igne
616 686 741 771 percita

372 771 544 836 transisset
565 773 598 835 et
619 793 671 834 me
692 769 869 854 linqueret,

373 861 406 920 et
427 857 510 920 mira
530 877 678 939 prorsum
699 876 750 919 res
771 855 856 919 foret

372 945 408 1005 ut
431 941 471 1007 ad
492 962 543 1004 me
565 940 676 1004 fierem
696 943 858 1022 mortuuS,

374 1027 414 1089 ad
436 1025 604 1110 puerulum
625 1025 713 1089 intus
738 1025 891 1089 uiuerem.

118 1163 168 1229 Ill
256 1162 319 1228 Sed
341 1161 439 1225 miror
461 1182 572 1225 omnes
587 1182 644 1225 uos
666 1161 737 1224 ioca
751 1160 890 1225 tacuisse
906 1159 1085 1245 Ciceronis,
1108 1161 1177 1226 inl

171 1248 286 1332 quibus
300 1245 549 1310 facundissimus
571 1249 608 1309 ut
628 1245 665 1310 in
679 1245 826 1310 omnibus
846 1246 911 1310 fuit
933 1248 981 1329 et,
1005 1246 1033 1310 si
1056 1247 1145 1311 uide-

169 1338 238 1414 tur,
263 1334 300 1395 ut
323 1330 470 1395 aedituus
491 1351 647 1413 responsa
668 1330 810 1394 numinis
833 1331 882 1395 sui
927 1330 1075 1396 raedicat
1095 1330 1145 1396 ita

171 1438 231 1502 ego
254 1436 336 1499 quae
358 1414 512 1479 memoria
538 1415 737 1500 suggesserit
764 1415 869 1480 refero
897 1353 1007 1480 dicta
1030 1414 1145 1483 (lice-

169 1502 306 1566 ronis.'
354 1504 425 1564 tum
452 1499 600 1564 omnibus
635 1500 675 1564 ad
709 1500 904 1565 audiendum
937 1500 1053 1565 erectis
1087 1500 1144 1565 ille

132 1587 216 1651 Bsic
237 1584 354 1668 incipit
376 1584 433 1648 εΜ.
458 1583 571 1650 Cicero
594 1607 667 1649 cum
689 1585 774 1671 apud
788 1585 1025 1670 Damasippum
1047 1606 1142 1650 cena-

11 1698 50 1709 *
169 1675 220 1735 ret
258 1673 290 1734 et
321 1668 376 1733 ille
410 1670 563 1735 mediocri
598 1670 676 1734 uino
713 1670 818 1754 posito
851 1670 973 1734 diceret
1012 1669 1144 1735 bibite

170 1756 383 1820 Falernum
414 1754 500 1836 hoc,
536 1776 728 1819 annorum
759 1754 1039 1840 quadraginta
1067 1759 1143 1820 est:

169 1841 268 1905 bene
291 1839 398 1924 inquit
420 1843 595 1905 aetatem
617 1839 709 1903 fert.

134 1926 154 1991 3
254 1924 346 1990 Idem
374 1947 447 1989 cum
473 1925 647 1990 Lentulum
675 1945 831 2009 generum
859 1946 966 2007 suum,
1003 1925 1142 2009 exiguae

88 2046 92 2051 -
170 2014 315 2076 staturae
336 2010 516 2093 hominem,
545 2010 644 2095 longo
667 2009 775 2094 gladio
798 2009 983 2075 adcinctum
1005 2009 1176 2074 uidisset·

170 2098 256 2182 quis
284 2095 390 2180 inquit
422 2117 613 2180 generum
640 2115 765 2158 meum
794 2094 840 2158 ad
869 2093 1048 2179 gladium
1076 2094 1144 2159 ad-

169 2183 199 2247 li
237 2181 345 2245 auit‘?

133 2267 155 2329 4
206 2204 324 2330 gNec
346 2265 383 2340 Q.
409 2263 555 2330 Ciceroni
582 2263 678 2328 fratri
707 2263 792 2328 circa
820 2263 958 2328 similem
984 2264 1143 2329 mordaci·

169 2354 272 2414 talem
300 2349 455 2433 pepercit.
500 2370 577 2413 nam
606 2369 678 2412 cum
710 2348 747 2412 in
776 2370 814 2412 ea
841 2348 1010 2432 prouincia
1043 2370 1143 2434 quam

170 2435 224 2499 ille
253 2436 381 2497 rexerat
412 2432 547 2497 uidisset
579 2432 751 2515 clipeatam
783 2433 960 2518 imaginem
995 2433 1064 2498 eius
1092 2434 1167 2497 in-2

171 2518 323 2604 gentibus
338 2517 543 2581 lineamentis
560 2539 660 2602 usque
676 2517 716 2581 ad
731 2521 845 2602 pectus
861 2539 900 2582 ex
914 2538 1003 2582 more
1018 2518 1142 2603 pictam

170 2642 213 2651 —
235 2605 305 2667 erat
327 2604 434 2666 autem
456 2601 595 2676 Quintus
623 2601 692 2687 ipse
715 2605 858 2667 statinae
885 2624 1008 2686 paruae
1030 2641 1073 2653 -
1095 2602 1144 2667 ait

170 2690 303 2753 frater
324 2707 431 2751 meus
454 2686 643 2752 dimidius
661 2688 786 2752 maior
801 2691 860 2752 est
882 2708 996 2773 quam
1019 2691 1141 2752 totus.

134 2772 155 2837 5
254 2772 294 2837 In
316 2770 484 2837 consulatu
504 2771 646 2857 Vatinii,
676 2794 770 2857 quem
791 2773 902 2857 paucis
921 2772 1041 2877 diebus
1070 2793 1143 2858 ges·

224 3033 237 3079 1
256 3030 350 3080 itineri
364 3031 469 3081 Gellius:
488 3036 573 3082 itiner
589 3029 642 3080 BP
691 3029 845 3098 transilire,
856 3030 934 3083 θείω
961 3029 1078 3081 transire
1092 3029 1145 3079 BP

170 3098 291 3164 4plcub
309 3091 342 3148 P'
442 3099 648 3164 trelrnqueret
665 3099 691 3147 P
769 3098 850 3161 lprs
864 3098 889 3147 P
938 3096 1014 3149 foret
1033 3098 1139 3150 Gellius:

171 3167 256 3217 lieret
273 3167 306 3229 P,
325 3167 406 3217 fier&
424 3167 450 3216 B
519 3166 695 3230 Bpuerulum
714 3183 759 3218 em.
776 3168 848 3232 apud
866 3167 944 3217 Gen:
963 3181 1080 3232 puerum
1091 3164 1145 3215 BP

172 3234 470 3286 l1fecund1ss⁴1mulP
537 3237 569 3285 13
587 3249 653 3304 ergo
671 3234 698 3284 B
766 3235 799 3286 15
816 3232 926 3285 marcus
942 3232 995 3283 BP
1045 3233 1142 3284 dama·

171 3301 283 3369 syppum
301 3302 333 3352 Β
388 3305 419 3354 17
440 3303 489 3353 ·xl·
503 3303 528 3353 P
577 3305 610 3353 20
628 3308 753 3353 staturae
771 3305 920 3354 ernendalor
937 3301 1141 3356 codonatum

170 3376 289 3422 naturae
307 3371 359 3422 BP
426 3375 580 3423 accmctum
597 3371 623 3420 P
689 3373 721 3421 21
741 3369 872 3437 alligauit
888 3371 914 3420 P
992 3372 1026 3421 23
1044 3373 1141 3435 quinto

171 3439 223 3490 BP
289 3441 322 3490 ‘26
340 3438 540 3490 hmamentrlb
609 3440 642 3489 28
660 3437 793 3489 malorum
811 3455 880 3494 corr.
899 3441 926 3489 in
948 3430 1038 3489 maior
1056 3436 1098 3488 est
1113 3438 1141 3487 in

165 3506 196 3554 B
262 3510 298 3559 29
316 3506 459 3560 consolatu
476 3506 502 3557 B
