2362 3878
487 211 562 277 xvi,
586 205 680 258 9-20
1000 197 1060 262 461

96 367 262 452 Euangele
284 366 453 449 utrobique
475 364 559 449 quod
580 368 703 449 teneas,
720 369 753 429 et
767 366 966 430 dissimulata
987 388 1064 451 pau-

95 453 193 536 lisper
215 451 369 516 inrisione
391 453 497 516 tecum
520 450 659 515 delibera
682 449 759 534 quid
781 451 947 535 sequaris)
975 463 978 468 “

180 536 224 601 Et
245 536 341 601 Euan
366 536 433 601 elus
456 535 542 619 ‘quia
564 538 597 600 et
619 557 657 600 ex
685 535 763 599 iocis
786 535 870 600 seria
896 535 976 600 facit
997 537 1115 604 uio-15

95 622 197 686 lentie
219 558 385 706 loquendi,
408 620 470 685 hoo
491 620 572 685 mihi
594 619 769 684 absoluatis
796 620 869 685 uolo
898 620 986 684 cuius
1009 621 1064 686 diu

70 726 146 770 eme
175 707 317 771 exercuit
344 727 421 770 uera
448 705 645 770 deliberatio
690 725 793 790 nuper
815 705 901 769 enim
922 704 1002 769 mihi
1025 705 1063 768 de

96 791 225 855 Tiburti
254 811 332 876 agro
358 812 429 854 meo
457 790 592 854 exhibiti
625 793 701 854 sunt
732 790 803 874 apri
835 811 913 874 quos
947 790 1065 854 obtulit

96 876 179 940 silua
200 876 393 941 uenantibus
417 880 450 940 et
470 875 545 959 quia
568 875 690 939 diutule
719 874 905 940 continuata
932 875 1063 939 uenatio

97 965 155 1044 est,
177 960 294 1043 perlati
316 964 392 1025 sunt
413 959 469 1025 alii
490 960 646 1043 interdiu,
669 963 768 1024 noctu
791 958 854 1023 alii.
892 981 971 1044 quos
993 980 1062 1042 per·
1076 960 1115 1024 16

97 1046 189 1109 duxit
209 1046 276 1110 dies
297 1047 426 1130 integra
449 1046 555 1110 carnis
577 1044 798 1110 incolumitate
820 1045 987 1127 durarunt,
1010 1044 1065 1128 qui

59 1151 172 1195 rouero
197 1152 255 1214 per
282 1133 411 1195 noctem
437 1131 542 1195 lunari
569 1129 770 1214 plenitudine
792 1129 921 1195 lucente
944 1129 1065 1213 portati

96 1218 172 1280 sunt
193 1218 396 1299 putruerunt.
436 1216 520 1300 quod
542 1215 598 1280 ubi
620 1215 736 1280 scitum
759 1218 817 1298 est,
841 1215 897 1298 qui
919 1214 1065 1298 sequenti

96 1304 191 1364 nocte
223 1299 411 1365 deferebant
441 1301 541 1366 infixo
575 1300 761 1385 cuicumque
800 1300 887 1383 parti
924 1298 1065 1383 corporis

98 1388 192 1449 acuto
214 1406 314 1450 aeneo
336 1407 430 1470 apros
447 1407 542 1450 carne
557 1386 686 1469 integra
701 1385 914 1468 pertulerunt.
947 1403 1065 1468 quaero

98 1469 198 1553 igitur
230 1492 286 1534 cur
321 1491 438 1534 noxam
450 1522 459 1555 ,
495 1491 592 1555 quam
628 1469 804 1554 pecudibus
840 1469 953 1533 occisis
990 1468 1065 1532 solis

59 1571 85 1611 15
98 1553 180 1617 radii
202 1575 269 1618 non
291 1554 448 1619 dederunt
481 1555 594 1619 lunare
616 1555 726 1619 lumen
747 1553 922 1619 effecerit?'

184 1638 312 1703 ‘Facilis
346 1642 406 1702 est'
441 1606 588 1704 llisarius
620 1639 727 1724 inquit
758 1643 805 1703 ‘et
836 1639 972 1722 simplex
1001 1638 1065 1701 ista
1078 1637 1116 1701 17

97 1725 273 1806 responsio.
324 1723 443 1788 nullius
476 1725 562 1789 enim
593 1724 639 1789 rei
666 1724 704 1788 fit
732 1723 904 1808 aliquando
931 1722 1066 1806 putredo

97 1809 162 1872 nisi
185 1808 271 1873 calor
298 1809 474 1894 humorque
502 1808 723 1874 conuenerint.
773 1807 931 1892 pecudum
960 1809 1067 1870 autem

98 1892 233 1975 putredo
255 1893 338 1957 nihil
363 1893 449 1957 aliud
479 1897 527 1958 est
555 1893 618 1957 nisi
647 1914 719 1956 cum
746 1891 883 1956 defluxio
911 1890 1067 1975 quaedam

61 1993 87 2033 20
101 1977 207 2040 latens
229 1978 426 2041 soliditatem
442 1978 547 2043 carnis
570 1977 605 2041 in
619 1976 786 2040 humorem
801 1976 943 2040 resoluit.
982 1976 1068 2039 calor
1078 1977 1117 2040 18

99 2064 207 2125 autem
229 2062 256 2124 si
278 2065 474 2145 temperatus
497 2065 540 2126 sit
561 2064 594 2126 et
615 2060 768 2144 modicus,
785 2060 890 2124 nutrit
906 2060 1065 2142 humores,

99 2146 127 2210 si
148 2146 278 2230 nimius,
303 2146 445 2211 exsiccat
466 2150 499 2211 et
524 2145 747 2211 habitudinem
770 2144 875 2210 carnis
903 2147 1066 2210 extenuat.

99 2230 257 2380 hrgo'tdh
282 2230 466 2380 corporibup
495 2232 616 2380 enectils
650 2230 697 2295 sol
724 2233 766 2329 ut·
791 2229 921 2294 maioris
954 2229 1068 2379 peloris

123 2338 191 2381 auri
257 2338 400 2381 umorem
430 2347 432 2351 ⁴
464 2337 564 2382 unare
609 2338 706 2380 umen
756 2338 806 2380 m-
846 2335 888 2378 uo
921 2335 954 2379 es
1002 2334 1069 2378 non

59 2418 85 2460 aa
99 2401 288 2466 manifestus
312 2366 476 2467 calor’sed
498 2401 640 2467 occultus
660 2366 769 2485 tepbr,
792 2337 897 2485 miigis
919 2398 1069 2463 diffundit

98 2487 248 2552 humecta
277 2491 310 2552 et
336 2487 413 2551 inde
440 2487 590 2572 prouenit
616 2485 736 2551 iniecto
763 2488 874 2569 tepore
908 2487 940 2549 et
973 2486 1069 2549 aucto

99 2571 231 2636 humore
253 2573 413 2656 putredo.'
549 2622 551 2629 .

184 2655 245 2720 His
279 2657 372 2722 dictis
408 2657 595 2755 Euangelus
630 2655 838 2721 Eustathium
865 2655 996 2719 intuens
1029 2653 1069 2717 ‘si
1080 2653 1120 2718 19

100 2739 219 2804 rationi
241 2740 345 2805 dictae
368 2743 552 2808 adsentins'
580 2741 628 2806 ait
650 2747 786 2806 ‘annuas
813 2742 940 2825 oportet
964 2741 1021 2806 aut
1042 2738 1070 2802 si

62 2841 87 2881 30
102 2827 150 2888 est
183 2825 267 2908 quod
298 2829 443 2910 moueat,
472 2827 617 2910 proferre
651 2848 717 2890 non
750 2828 878 2911 pigeat,
908 2823 983 2908 quia
1019 2823 1069 2887 uis

101 2911 201 2974 uestri
224 2910 379 2974 sermonis
401 2911 541 2994 optinuit
563 2933 605 2976 ne
626 2911 732 2976 inuita
754 2932 830 2977 aure
845 2931 902 2974 uos
917 2908 1068 2974 audiam?

187 3010 329 3076 ‘Omnia'
357 3011 463 3096 inquit
488 3010 680 3076 Eustathius
710 3017 741 3076 ‘a
768 3011 896 3076 Disario
925 3014 957 3074 et
983 3009 1121 3074 lucu-20

101 3098 189 3160 lente
212 3098 245 3160 et
267 3118 306 3160 ex
327 3117 404 3160 uero
419 3097 505 3162 diota
527 3099 604 3161 sunt
624 3097 680 3162 sed
694 3096 774 3162 illud
788 3096 928 3182 pressius
943 3095 1070 3160 intuen-

101 3183 176 3246 dum
200 3184 249 3245 est
271 3184 378 3245 utrum
399 3202 549 3245 mensura
573 3181 687 3246 caloris
710 3181 753 3246 sit
769 3203 864 3247 eausa
879 3179 1069 3264 putredinis,

63 3283 88 3324 ³⁵
101 3269 138 3330 ut
161 3289 199 3332 ex
220 3266 341 3331 maiore
364 3265 469 3332 calore
490 3287 557 3330 non
578 3265 648 3330 fieri
670 3269 703 3330 et
725 3288 764 3331 ex
785 3267 909 3331 minore
931 3285 970 3330 ao
991 3266 1070 3328 tem·

103 3390 219 3397 ..-—-.,...
228 3392 298 3399 -m

172 3456 314 3520 lqurdP
380 3456 483 3508 5m1h1
498 3471 546 3508 om.
564 3447 599 3505 P‘
665 3453 894 3507 erasmum?
960 3455 1070 3506 9mco·

102 3523 229 3575 lomrtate
246 3525 272 3575 P
340 3527 371 3576 1-2
390 3523 508 3592 corpms
520 3515 553 3574 fl
623 3524 656 3609 15Ι
671 3522 767 3576 effecit
786 3523 810 3573 P
