2362 3878
152 189 214 253 526
565 200 661 247 maru
684 201 697 245 1

151 355 333 420 inmortalis
362 357 457 438 atque
484 356 640 437 perpetua
662 355 711 416 est
732 352 788 416 sed
815 351 948 436 inpletis
976 354 1119 418 numeris

153 461 266 524 corpus
293 438 431 504 fatiscit:
464 459 525 502 nec
557 438 666 502 anima
693 436 833 501 lassatur
860 436 1036 501 animando
1065 439 1120 504 sed

151 525 292 589 officium
320 546 413 588 suum
440 522 558 587 deserit
589 543 703 606 corpus
732 542 803 586 cum
830 522 896 585 iam
922 543 989 586 non
1018 524 1121 607 possit

152 609 297 674 animari.
341 607 418 672 hinc
439 607 518 671 illud
541 609 590 670 est
612 605 785 670 doctissimi
809 607 894 669 uatis

281 693 414 776 explebo
435 713 603 756 numerum
625 690 801 774 reddarque
823 690 976 755 tenebris.
1131 711 1143 750 s

101 779 141 844 13
149 777 229 842 hacc
251 780 301 842 est
321 777 422 863 igitur
443 776 602 841 naturalis
623 797 699 840 uere
721 798 815 857 mors,
840 796 912 839 cum
932 775 1032 839 finem
1055 797 1120 840 cor-

149 863 237 947 poris
265 862 351 927 solus
379 883 583 926 numerorum
616 882 745 925 suorum
778 860 922 924 defectus
956 858 1119 944 adportat,

149 970 217 1012 non
245 969 316 1012 cum
344 949 550 1030 extorquetur
576 945 644 1011 uita
667 945 792 1030 corpori
814 944 917 1008 adhuc
939 943 1057 1008 idoneo
1081 946 1118 1010 ad

150 1032 423 1097 continuationem
455 1031 589 1096 ferendi.
642 1052 703 1095 nec
740 1029 821 1094 leuis
856 1032 906 1093 est
937 1028 1121 1094 differentia

102 1119 142 1182 14
149 1117 251 1181 uitam
272 1116 324 1181 uel
346 1119 463 1181 natura
484 1116 537 1180 uel
559 1118 673 1199 sponte
694 1113 848 1179 soluendi.
894 1114 1004 1177 anima
1033 1115 1121 1178 enim
1134 1135 1156 1172 10

151 1223 221 1266 cum
245 1224 264 1265 a
288 1223 418 1285 corpore
441 1200 610 1283 deseritur,
634 1202 741 1284 potest
761 1199 796 1262 in
818 1220 852 1263 se
873 1198 957 1262 nihil
977 1199 1120 1264 retinere

151 1307 352 1370 corporeum,
383 1286 411 1349 si
438 1306 472 1350 sc
498 1305 594 1368 pure,
625 1306 694 1348 cum
722 1283 758 1348 in
779 1282 841 1348 hac
862 1283 930 1347 uita
952 1287 1047 1366 esset,
1072 1285 1120 1348 in-

150 1370 268 1434 stituit:
292 1391 364 1433 cum
386 1390 461 1433 uero
482 1370 554 1452 ipsa
576 1370 614 1434 de
638 1389 770 1453 corpore
798 1367 957 1432 uiolenter
979 1369 1120 1432 extrudi-

149 1457 217 1536 tur,
247 1454 322 1536 quia
345 1453 411 1517 exit
431 1457 526 1539 rupto
548 1453 693 1536 uinculo,
716 1475 783 1518 non
805 1452 908 1517 soluto
935 1452 974 1515 fit
996 1453 1026 1517 ei
1047 1454 1120 1536 ipsa

149 1538 324 1602 necessitas
346 1538 470 1603 occasio
515 1538 659 1623 essionis,
684 1541 717 1602 et
735 1538 839 1621 malis,
862 1537 1028 1601 uinculum
1043 1538 1120 1602 dum
1134 1559 1156 1598 a

100 1626 140 1690 15
149 1622 269 1707 rumpit
300 1622 448 1688 inficitur.
491 1560 583 1687 Ilianc
618 1645 742 1707 quoque
770 1622 985 1708 superioribus
1021 1622 1120 1687 adicit

149 1707 307 1771 rationem
328 1729 395 1772 non
418 1712 533 1793 sponte
554 1708 720 1792 pereundi.
753 1728 825 1772 cum
840 1709 975 1788 constet,
999 1706 1116 1790 inquit,

148 1792 438 1858 remunerationem
471 1794 587 1858 animis
621 1792 689 1857 illic
721 1813 789 1856 esse
823 1792 1029 1856 tribuendam
1059 1813 1118 1875 pro

148 1877 242 1940 modo
264 1877 470 1961 perfectionis
493 1877 534 1942 ad
556 1900 652 1962 quam
665 1877 702 1942 in
716 1876 778 1941 hac
799 1876 868 1941 uita
888 1898 954 1940 una
973 1897 1118 1961 quaeque

171 1962 306 2042 erucnit,
330 1984 396 2027 non
419 1966 468 2027 est
488 1963 749 2047 praecipitandus
770 1962 857 2025 uitae
878 1961 953 2024 finis
976 1981 1048 2024 cum
1065 1961 1117 2025 ad·
1130 1981 1153 2020 1ο

99 1984 211 2114 itlius
231 2047 420 2130 proficiendi
443 2069 511 2112 esse
533 2050 635 2132 possit
657 2047 806 2112 accessio.
837 2067 898 2110 nec
918 2044 1041 2109 frustra
1055 2043 1117 2110 hoc

148 2130 270 2196 dictum
292 2135 349 2196 est.
379 2154 454 2196 nam
475 2133 511 2197 in
533 2133 660 2197 arcanis
683 2132 722 2196 dc
744 2132 869 2196 animae
890 2130 995 2195 reditu
1010 2130 1117 2214 dispu-

147 2215 324 2281 tationibus
357 2217 460 2282 fertur
487 2217 522 2282 in
550 2216 613 2282 hac
640 2217 708 2282 uita
740 2215 963 2300 delinquentes
994 2215 1117 2279 similes

148 2323 216 2365 esse
238 2322 334 2385 super
357 2302 488 2387 aequale
510 2303 612 2366 solum
642 2301 845 2386 cadentibus,
875 2300 989 2384 quibus
1012 2300 1116 2364 denuo

147 2385 217 2450 sine
240 2386 429 2451 difficultate
474 2391 579 2451 raesto
602 2387 645 2450 sit
662 2407 808 2472 surgere3
831 2386 955 2449 animas
977 2405 1054 2448 uero
1077 2403 1152 2448 exis

146 2469 208 2535 hac
229 2470 298 2534 uita
320 2493 392 2535 cum
414 2410 603 2535 delictorum
618 2471 762 2561 sprdibus
777 2470 962 2535 recedentes
978 2490 1117 2554 aequan-

146 2555 203 2618 das
231 2554 281 2618 his
310 2556 364 2638 qui
392 2556 427 2617 in
455 2554 625 2637 abruptum
655 2576 694 2619 ex
721 2555 786 2619 alto
808 2554 1041 2641 praecipitique
1064 2553 1117 2619 de-

145 2638 227 2721 lapsi
255 2638 336 2724 sint,
367 2639 451 2702 unde
480 2660 654 2722 numquam
682 2638 821 2704 facultas
848 2639 885 2704 fit
913 2639 1115 2724 resurgendi.

146 2721 218 2786 ideo
248 2743 325 2807 ergo
358 2723 514 2787 utendum
548 2724 708 2789 concessis
744 2725 830 2789 uitae
863 2723 974 2809 spatiis
1007 2726 1046 2787 ut
1073 2725 1118 2789 sit

99 2806 308 2892 liperfectae
329 2809 531 2894 purgationis
553 2809 655 2874 maior
676 2810 825 2874 facultas.
857 2830 950 2958 erqo,
975 2809 1114 2894 inquies,
1128 2827 1152 2867 cc

146 2890 201 3040 qui
221 2891 284 2956 iam
306 2893 449 2977 perfecte
470 2898 627 2980 purgatus
649 2898 698 2959 est
719 2900 849 2958 manum
872 2895 899 2958 si
922 2894 934 2957 i
956 2893 1052 2957 debet
1066 2893 1116 2958 in·

161 2997 230 3041 erre
265 2998 335 3041 cum
364 2999 429 3043 non
465 2979 508 3043 sit
536 2979 566 3045 ei
595 3001 692 3044 causa
720 2978 908 3044 remanendi
936 2979 1012 3063 quia
1043 3000 1116 3063 pro·

145 3100 348 3108 ...μ-..ᾑ-

214 3169 230 3218 5
247 3167 331 3234 Verg.
349 3168 418 3218 Aen.
436 3168 474 3219 VI
493 3169 543 3220 545

214 3271 348 3278 ...ῳ-ο.-.-

214 3337 407 3403 lrmpletrfP
456 3335 645 3388 ranrmamdo
662 3345 690 3387 ut
707 3329 803 3388 uiup‘
856 3338 938 3387 4h1n
957 3328 988 3386 P'
1041 3339 1116 3388 12111

144 3407 170 3454 in
182 3421 234 3456 ras.
247 3408 274 3457 in
286 3406 311 3455 P
362 3408 393 3458 13
413 3408 473 3455 extr
490 3407 515 3456 in
533 3404 685 3456 extrudrtur
703 3408 729 3456 in
741 3408 831 3456 rasin
842 3407 866 3456 P
916 3405 1084 3456 14u1neu11s
1094 3407 1118 3456 P

142 3507 176 3555 17
192 3507 289 3573 inquid
307 3500 340 3557 P'
391 3509 423 3559 28
441 3499 542 3559 funtP'
594 3472 775 3558 facultdsrtP
824 3508 857 3558 32
877 3501 936 3565 clim
955 3507 980 3556 P
