2362 3878
479 206 626 278 v,a-1a
967 198 1028 265 591

63 368 148 431 circa
169 366 200 431 D
222 365 251 430 Ε
274 369 306 430 et
327 365 364 448 F,
389 368 421 429 et
443 365 601 430 ducantur
627 367 735 430 rectae
761 365 865 430 lineae
887 388 907 430 a
929 367 1031 452 signis

63 453 104 515 ad
126 452 222 536 signa
244 472 324 536 quae
347 451 496 533 dicimus,
520 449 554 512 id
577 453 625 513 est
647 449 761 514 aGin
775 449 803 532 I,
827 451 866 514 ab
881 451 916 514 M
937 452 973 515 in
987 450 1029 535 N,

63 559 81 599 a
102 537 133 600 K
160 537 196 600 in
217 535 258 610 L,
287 535 329 600 ab
350 534 379 599 Ε
407 535 442 599 in
464 534 500 598 F.
545 534 652 618 spatia
679 534 780 618 igitur
806 534 869 598 duo
898 536 1031 600 aduersa
1043 535 1083 599 14

63 621 124 686 sibi
151 621 185 685 id
213 623 262 684 est
288 642 389 684 unum
417 618 605 704 aOusque
633 619 673 683 ad
700 619 821 684 lineam
849 640 930 703 quae
958 620 1032 684 inl

37 707 159 771 ⁵ducta
182 707 240 788 est,
263 705 400 768 alterum
422 726 441 767 a
461 702 492 767 D
515 724 614 788 usque
637 703 677 768 ad
704 703 824 768 lineam
846 725 927 788 quae
948 704 985 768 in
1005 704 1032 767 F

17 805 21 811 ’
62 792 158 854 ducta
174 791 237 873 est,
254 787 486 873 intellegantur
500 789 617 872 pruina
629 787 807 874 obriguisse
821 792 978 872 perpetua
989 827 1032 839 —

62 878 111 939 est
134 873 220 938 enim
243 874 387 958 superior
414 872 691 956 septentrionalis,
719 873 855 937 inferior
882 874 1032 938 australis

63 959 249 1024 extremitas
267 995 305 1005 -—
322 957 463 1022 medium
484 979 560 1022 uero
583 957 624 1022 ab
639 956 672 1024 N
687 979 788 1041 usque
802 957 837 1021 in
851 958 878 1022 L
893 979 974 1022 zona
990 958 1032 1022 sit

61 1043 197 1126 torrida3
219 1045 322 1107 restat
350 1043 387 1122 ut
410 1042 557 1140 cingulus
580 1042 621 1107 ab
643 1041 781 1127 Iusque
804 1042 844 1106 ad
866 1041 899 1109 N
921 1043 959 1106 de
982 1065 1032 1106 su-

24 1144 49 1184 10
62 1128 166 1193 bieeto
190 1127 294 1192 calore
317 1129 350 1191 et
372 1148 535 1211 superiore
556 1126 600 1191 fri
624 1148 678 1191 ore
699 1130 907 1211 temperetur,
922 1148 1032 1191 rursus
1123 1134 1125 1137 ’

61 1217 99 1277 ut
119 1234 200 1277 zona
222 1233 304 1296 quae
326 1215 376 1276 est
396 1210 522 1276 interL
545 1215 577 1276 et
640 1211 779 1296 accipiat
799 1212 837 1276 de
853 1211 1032 1296 superiecto

63 1297 168 1362 calore
191 1299 223 1360 et
245 1297 372 1360 subdito
393 1296 499 1382 rigore
512 1296 710 1380 temperiem.
754 1317 816 1361 nec
831 1296 1031 1381 excogitatas
1043 1292 1083 1359 15

62 1405 81 1445 a
103 1382 197 1445 nobis
218 1381 320 1445 Encas
343 1402 422 1464 quas
449 1380 596 1445 duximus
624 1381 827 1465 aestimetur,
857 1382 934 1446 circi
956 1382 1033 1445 sunt

63 1466 160 1548 enim,
183 1466 222 1529 de
245 1464 359 1549 quibus
382 1487 477 1613 supra
500 1465 692 1550 rettulimus,
716 1465 977 1550 septentrionalis
1000 1468 1033 1530 et

23 1565 49 1605 15
62 1550 212 1614 australis
235 1552 268 1613 et
281 1549 399 1632 tropici
434 1572 490 1633 uo,
514 1572 591 1614 nam
607 1550 872 1635 aequinoctialem
886 1549 1032 1616 hocloco

62 1656 124 1719 quo
146 1634 185 1698 de
198 1637 286 1698 terra
300 1632 461 1717 loquimur
474 1646 540 1699 n'on
561 1638 689 1719 oportet
709 1635 847 1700 adscribi
869 1635 923 1719 qui
942 1657 960 1699 o
984 1655 1032 1698 or-

61 1720 189 1783 tuniore
217 1718 286 1783 loeo
316 1739 424 1783 rursus
453 1719 597 1784 addetur.
641 1719 718 1783 licet
744 1720 845 1803 igitur
874 1719 941 1784 sint
996 1739 1032 1782 ae
1043 1718 1083 1781 16

62 1804 143 1868 duae
179 1802 419 1868 mortalibus
455 1803 589 1888 aegris
620 1823 780 1867 munere
818 1823 1033 1868 concessae

63 1888 195 1951 diuum
217 1908 295 1971 quas
318 1887 455 1950 diximus
477 1887 689 1983 temperatas,
713 1889 904 1950 nontamen
920 1886 1033 1952 ambae

22 1988 50 2029 20
63 1992 164 2035 zonae
190 1969 374 2035 hominibus
407 1974 510 2034 nostri
543 1971 672 2118 pencris
701 1969 846 2034 indultae
874 1974 951 2035 sunt
978 1972 1034 2036 sed

63 2055 132 2120 sola
153 2054 299 2139 superior
320 2075 401 2137 quae
423 2057 473 2118 est
494 2054 535 2118 ab
588 2075 688 2137 usque
709 2055 750 2118 ad
764 2054 797 2120 N
817 2055 971 2120 incolitur
993 2055 1034 2119 ab

63 2139 152 2204 omni
167 2139 261 2223 quale
276 2139 357 2203 scire
372 2160 540 2222 possumus
554 2137 721 2203 hominurn
736 2161 869 2224 genere,
893 2139 1034 2204 Romani

64 2224 220 2290 Graeciue
252 2224 319 2288 sint
351 2223 404 2287 uel
435 2223 565 2288 barbari
599 2224 749 2308 cuiusque
782 2223 934 2289 nationis.
978 2224 1035 2289 illa
1045 2224 1084 2289 17
1174 2226 1177 2230 ’

63 2331 140 2373 uero
161 2308 203 2372 ab
224 2308 251 2371 L
272 2330 372 2392 usque
396 2308 436 2371 ad
457 2307 484 2372 F
506 2307 573 2373 sola
594 2309 720 2373 ratione
734 2307 937 2392 intellegitur
951 2309 1035 2392 quod

23 2396 195 2478 eapropter
217 2393 355 2458 similem
376 2392 564 2477 temperiem
586 2393 733 2457 similiter
754 2392 916 2457 incolatur
938 2393 994 2458 sed
1016 2415 1034 2456 a

64 2479 178 2563 quibus
199 2500 304 2562 neque
326 2478 419 2542 licuit
439 2499 590 2563 umquam
611 2476 705 2542 nobis
727 2499 789 2542 nec
810 2476 921 2542 licebit
936 2499 1035 2561 agno·

65 2584 163 2646 scere,
179 2563 348 2628 interiecta
363 2562 450 2628 enim
463 2562 586 2627 torrida
600 2562 727 2647 utrique
740 2561 908 2627 hominum
922 2562 1035 2647 generi

66 2647 290 2711 commercium
312 2648 353 2712 ad
375 2670 408 2712 se
431 2648 572 2733 denegat
591 2647 800 2712 commeandi.
846 2647 981 2731 denique
997 2646 1035 2711 de
1046 2644 1085 2712 18

65 2734 217 2815 quattuor
238 2730 448 2796 habitationis
470 2734 601 2797 nostrae
617 2731 801 2796 cardinibus
823 2733 956 2796 oriens
979 2753 1035 2796 oc-

25 2834 51 2874 co
66 2815 202 2879 cidens
225 2818 258 2879 et
280 2816 506 2898 septentrio
534 2817 600 2882 suis
621 2816 786 2880 uocabulis
807 2819 1037 2900 nuncupantur

65 2899 141 2984 quia
163 2898 205 2963 ab
226 2900 306 2983 ipsis
322 2900 459 2965 exordiis
474 2901 540 2966 suis
562 2901 708 2966 sciuntur
723 2923 742 2965 a
756 2900 860 2985 nobis,
883 2923 960 2965 nam
975 2901 1036 2966 etsi

135 3108 198 3156 3111
216 3110 276 3155 acte
293 3105 316 3154 F
334 3105 417 3156 om.B
484 3108 602 3156 4unum
620 3107 703 3158 om.B
771 3105 889 3157 bducta
908 3106 993 3156 ducta
1009 3106 1036 3156 B

65 3173 125 3225 ΒΝ
143 3190 189 3224 om.
209 3164 242 3222 P‘
328 3174 360 3224 10
386 3171 477 3223 rursus
482 3187 518 3220 *s
534 3177 566 3223 ut
587 3175 613 3224 P
694 3177 726 3226 13
753 3173 874 3225 dxxrmus
891 3173 917 3222 B
1003 3175 1036 3223 14

66 3240 211 3292 retulimus
225 3239 399 3306 septetrronrl
413 3240 439 3290 B
508 3243 540 3291 15
563 3240 615 3293 duo
633 3247 735 3308 tropror
754 3241 780 3291 B
866 3243 898 3291 16
915 3240 1036 3306 loqurtur

66 3309 92 3359 B
162 3308 262 3360 ascrrbr
280 3307 306 3359 B
376 3308 408 3359 18
426 3307 519 3374 egens
531 3299 564 3358 P
639 3312 671 3361 19
689 3311 782 3360 diuum
801 3307 890 3375 ocosse
908 3309 934 3358 B
1002 3310 1036 3359 20

67 3383 92 3426 et
110 3378 143 3428 25
166 3377 206 3428 let
228 3376 254 3426 B
330 3377 362 3426 21
387 3374 524 3442 superiore
542 3376 568 3425 P
643 3379 677 3427 24
693 3378 717 3427 L
734 3381 814 3429 iterat
830 3371 865 3426 B‘
932 3374 1036 3426 intelli·

67 3445 185 3560 grturBB
254 3446 287 3496 26
306 3443 471 3510 cognoscere
490 3445 516 3494 P
599 3445 630 3495 31
655 3445 689 3495 ab
713 3444 750 3496 lrl
769 3443 889 3497 exordus
907 3443 933 3493 B
985 3442 1040 3495 surl

67 3529 115 3563 om.
