2362 3878
153 195 218 260 450
363 247 368 258 .
554 207 652 255 11111
674 208 725 255 vu

115 365 138 431 2
239 364 356 447 ‘Aqua’
384 362 491 447 inquit
525 361 666 426 ‘densior
699 365 748 426 est
782 362 864 427 aeris
896 363 1058 426 tenuitate
1092 368 1126 428 et

153 449 225 513 ideo
254 469 324 512 eam
352 447 531 512 cunctatior
557 446 645 510 uisus
678 450 842 531 penetrat,
878 448 967 511 cuius
1001 448 1125 513 offensa

154 554 340 617 repercussa
360 531 491 596 uidendi
513 532 597 596 acies
620 530 777 596 scinditur
799 535 832 596 et
860 532 895 597 in
917 553 950 596 se
972 534 1121 598 recurrit.

155 619 254 683 scissa
276 618 352 681 dum
373 617 473 701 redit,
497 617 563 680 iam
584 638 650 680 non
673 616 793 681 directo
814 617 882 682 ictu
904 618 959 681 sed
981 618 1123 702 undique

152 724 280 768 uersum
307 702 444 767 incurrit
469 701 660 767 liniamenta
687 701 848 766 simulacri
882 705 915 766 11
941 701 988 766 111
1021 703 1059 767 fit
1086 706 1151 767 uts

152 789 301 852 uideatur
332 790 440 872 imago
469 787 643 935 arehctppo
677 808 734 851 suo
765 786 928 872 grandior.
984 810 1062 852 nam
1090 791 1124 852 et

154 873 229 938 solis
244 872 331 936 orbis
348 873 526 937 matutinus
549 893 583 935 so
600 871 643 935 'to
664 872 758 937 nobis
779 872 880 937 maior
896 875 1032 955 apparet
1047 874 1123 957 quia

152 958 324 1023 interiacet
360 957 444 1021 inter
472 978 530 1021 nos
559 959 591 1021 et
617 956 723 1040 ipsum
751 978 806 1021 aer
834 956 937 1021 adhuc
965 958 1004 1021 de
1026 961 1122 1021 nocte

152 1043 295 1108 roscidus
318 1045 350 1106 11
372 1041 557 1127 grandescit
577 1041 685 1126 imago
708 1041 775 1105 eius
790 1045 955 1127 tamquam
969 1042 1004 1105 in
1020 1064 1123 1126 aquae

115 1128 281 1212 3speculo
307 1128 442 1191 uisatur.
493 1127 599 1210 ipsam
620 1147 696 1190 uero
717 1127 848 1191 uidendi
876 1130 1027 1191 naturam
1054 1148 1122 1191 non
1137 1147 1161 1185 11

152 1212 300 1278 insubide
321 1211 515 1296 introspexit
536 1210 710 1295 Epicurus,
735 1213 823 1276 cuius
844 1212 880 1275 in
901 1211 963 1276 hoc
984 1233 1052 1275 nou
1074 1215 1124 1275 est

152 1301 189 1362 ut
211 1298 344 1362 aestimo
371 1296 574 1393 inprobanda
597 1297 758 1361 sententia
787 1296 1003 1394 adstipulante
1031 1318 1122 1381 prae-

154 1383 245 1465 cipue
268 1380 451 1445 Democrito
473 1380 548 1464 quia
570 1380 653 1445 sicut
678 1382 715 1445 in
738 1382 851 1446 ceteris
873 1384 921 1446 111
943 1384 975 1445 11
1002 1382 1040 1444 in
1061 1379 1121 1445 hoc

114 1466 243 1551 4paria
265 1468 445 1529 senserunt.
490 1486 566 1550 ergo
589 1469 699 1530 censet
721 1466 880 1550 Epicurus
909 1466 950 1530 ab
972 1466 1121 1530 omnibus

155 1550 340 1634 corporibus
366 1549 436 1635 iugi
464 1549 564 1615 fluore
592 1552 761 1635 quaepiam
789 1551 960 1616 simulacra
987 1572 1120 1614 manare
1135 1569 1159 1610 15

152 1656 214 1699 111
235 1657 387 1719 umquam
408 1634 569 1699 tantulam
583 1657 708 1700 moram
728 1636 926 1701 interuenire
942 1637 1021 1719 quin
1036 1635 1122 1700 ultra

152 1719 300 1784 ferantur
320 1720 412 1785 inani
434 1720 539 1806 figura
562 1721 769 1786 cohaerentes
793 1743 960 1805 corporum
976 1721 1119 1803 exuuiae,

152 1826 289 1890 quarum
315 1805 519 1890 receptacula
546 1805 582 1893 iu
608 1807 729 1871 nostris
757 1805 857 1871 oculis
886 1809 962 1870 sunt
990 1809 1023 1870 11
1049 1805 1121 1869 ideo

153 1890 193 1954 ad
220 1890 407 1974 deputatam
434 1891 496 1954 sibi
524 1912 542 1954 a
575 1894 693 1956 natura
720 1892 827 1956 sedem
858 1891 983 1975 proprii
1009 1911 1121 1953 sensus

151 1979 330 2040 recurrunt.
380 1974 461 2040 haec
489 1979 566 2039 sunt
598 1997 678 2061 quae
710 1977 761 2041 uir
793 1975 848 2040 ille
881 1977 1158 2058 commemoratio

152 2061 266 2145 quihus
289 2061 317 2124 si
339 2061 479 2126 occurris
502 2060 631 2144 obuius,
656 2083 695 2125 ex
719 2064 789 2126 ecto
812 2061 889 2146 quid
910 2061 1056 2125 referas.'

113 2144 134 2210 5
234 2145 287 2209 Ad
308 2143 388 2211 haec
409 2147 560 2211 renidens
581 2084 771 2210 Eustathius
798 2146 844 2209 ‘in
867 2145 1037 2229 propatulo
1060 2147 1120 2208 est'

150 2230 256 2315 inquit
278 2231 374 2315 ‘quod
396 2231 522 2315 decepit
543 2229 730 2315 Epicurum.
762 2253 781 2296 a
803 2252 880 2294 uero
903 2231 990 2294 enim
1011 2229 1120 2312 lapsus

151 2319 201 2379 est
234 2314 369 2379 aliorum
402 2318 553 2400 quattuor
586 2337 737 2380 sensuum
774 2318 900 2380 secutus
939 2315 1121 2397 exemplum

150 2402 225 2485 quia
251 2400 287 2465 in
313 2399 470 2464 audiendo
501 2402 534 2464 et
569 2401 730 2485 gustando
764 2403 796 2464 et
818 2399 990 2464 'odorando
1024 2401 1160 2482 atquem

149 2483 315 2569 tangendo
342 2484 425 2548 nihil
453 2505 470 2548 1
497 2484 590 2548 nobis
624 2485 800 2549 emittimus
832 2485 888 2549 sed
922 2484 1120 2549 extrinsecus

114 2567 325 2651 taccipimus
349 2568 433 2714 ‹puod
455 2589 585 2633 sensum
607 2570 656 2633 sui
679 2573 816 2634 moueat.
862 2570 980 2654 quippe
1003 2571 1036 2632 et
1057 2588 1120 2631 uox

150 2653 190 2716 ad
219 2673 310 2716 aures
336 2674 357 2715 u
370 2655 421 2716 tro
448 2652 538 2715 uenit
565 2656 598 2717 et
618 2674 713 2717 aurae
739 2655 775 2719 in
797 2676 891 2719 nares
919 2653 1060 2719 influunt
1088 2655 1121 2716 et

149 2735 257 2820 palato
290 2737 450 2822 ingeritur
482 2737 567 2822 quod
598 2738 715 2824 gignat
748 2761 894 2823 saporem
927 2742 959 2803 11
993 2737 1120 2821 corpori

149 2824 260 2886 nostro
282 2821 484 2905 adplicantur
504 2824 594 2888 tactu
616 2823 793 2889 sentienda.
827 2825 916 2889 hinc
937 2823 1065 2908 putauit
1087 2825 1119 2885 11
1133 2843 1158 2883 ec

151 2927 190 2970 ex
212 2905 311 2970 oculis
338 2907 421 2971 nihil
446 2907 533 2972 foras
561 2908 726 2992 proficisci
748 2909 805 2973 sed
830 2909 990 2994 imagines
1011 2929 1120 2972 rerum

113 2990 131 3055 7
147 2991 183 3055 in
206 2991 313 3056 oculos
334 2993 420 3057 ultro
441 3015 557 3059 meare.
594 2994 684 3059 cuius
699 2994 844 3078 opinioni
858 2995 1021 3079 repugnat
1035 2991 1120 3077 quod

148 3076 185 3140 in
217 3075 354 3159 speculis
385 3079 493 3143 imao
529 3079 662 3143 aduersa
698 3078 984 3163 contemplatorem
1026 3098 1120 3142 suum

149 3161 296 3246 respicit,
323 3185 394 3228 cum
416 3100 547 3248 delicat,
571 3164 598 3227 si
620 3163 748 3249 quidem
770 3186 789 3229 a
816 3163 910 3228 nobis
932 3167 1003 3228 orta
1029 3164 1119 3227 recto

150 3303 354 3312 -—.-

216 3386 392 3455 tarchehpo
414 3388 440 3438 P
508 3389 539 3438 12
565 3388 717 3452 rrnpbanda
744 3389 769 3437 P
836 3387 966 3439 16111111
994 3387 1019 3435 P
1086 3388 1120 3435 20

149 3453 182 3518 he
200 3447 232 3502 F
316 3458 350 3506 24
368 3460 486 3522 quatuor
503 3456 529 3507 P
596 3456 727 3523 sequutus
740 3457 766 3507 P
850 3459 883 3508 30
902 3454 1077 3521 apphcantur
1096 3453 1121 3501 P

137 3522 175 3571 34
191 3526 273 3573 rectu
290 3515 326 3574 P
