2362 3878
160 172 224 237 542
576 184 672 237 1111111
694 185 707 231 1

125 367 129 373 ·
161 361 287 424 semper
308 339 343 403 in
370 341 459 403 motu
481 341 531 403 est
558 341 590 403 et
617 341 705 403 stare
731 338 835 402 nescit
862 338 938 423 quia
965 361 1032 405 nac
1064 343 1139 426 ipsa

25 432 29 439 '
124 426 225 491 9stat
248 423 356 488 anima
378 445 440 508 qua
461 422 639 507 inpellitur.
683 444 762 487 nam
789 445 862 488 oum
890 423 1023 489 animae
1053 449 1138 512 quae

160 511 349 594 incorporea
371 512 420 573 est
442 507 582 573 essentia
604 508 647 572 sit
667 507 703 572 in
724 512 816 577 motu
851 509 992 593 primum
1023 515 1138 578 autem

160 594 303 659 omnium
326 593 406 659 caeli
430 614 543 678 corpus
565 593 674 657 anima
688 559 850 658 fabricula
869 593 921 676 sit,
944 594 1019 661 sine
1035 597 1138 664 dubio

158 680 195 744 in
217 700 331 763 eorpus
352 678 415 743 hoc
435 677 574 763 primum
596 698 635 742 ex
657 677 853 761 incorporeis
881 681 988 751 motus
1010 685 1160 747 naturas

159 763 329 849 migrauit,
355 763 442 828 euius
464 762 514 827 uis
528 763 658 848 integra
673 766 707 826 et
720 762 907 847 incorrupta
921 786 990 835 non
1010 765 1136 833 deserit

110 849 150 914 10
158 849 242 932 quod
264 849 403 947 primum
426 847 532 996 coepit
552 868 690 912 mouere.
727 847 799 912 ideo
821 869 896 913 uero
920 849 1001 917 caeli
1024 856 1135 917 motus

158 954 338 999 neoessarro
371 932 480 998 uolubi
493 932 521 997 is
556 935 605 996 est
637 932 712 1017 quia
745 953 818 997 curn
849 955 981 1018 semper
1004 938 1135 1002 moueri

157 1039 288 1083 necesse
311 1018 363 1100 sit,
386 1018 473 1083 ultra
494 1020 601 1082 autem
624 1017 714 1082 loeus
735 1017 843 1082 nullus
864 1019 908 1083 sit
928 1039 993 1102 quo
1007 1041 1046 1091 ae
1061 1025 1134 1087 terr-

25 1180 29 1189 ,
159 1103 215 1169 dat
236 1103 387 1187 accessio,
411 1102 654 1168 continuatione
675 1105 849 1187 perpetuae
876 1104 912 1169 iu
939 1124 974 1168 se
996 1105 1167 1179 reditio-1⁰

157 1189 209 1253 nis
231 1188 390 1273 agitatur:
413 1209 490 1273 ergo
512 1188 547 1253 in
570 1208 631 1271 quo
653 1189 761 1272 potest
782 1186 835 1252 uel
855 1187 955 1255 habet
977 1191 1083 1267 currit
1099 1195 1133 1256 et

158 1273 308 1338 accedere
336 1271 403 1337 eius
431 1272 555 1338 reuolui
581 1275 631 1336 est
658 1271 734 1357 quia
766 1271 922 1356 sphaerae
956 1275 1068 1358 spatia
1099 1281 1132 1343 et

126 1406 129 1414 .
158 1359 228 1422 loca
252 1357 485 1441 conplectentis
507 1357 615 1421 omnia
630 1379 713 1421 unus
736 1361 786 1422 est
808 1378 917 1423 cursus
934 1360 1048 1424 rotari.
1074 1362 1132 1431 sed

158 1440 259 1506 etsie
282 1440 422 1505 animam
450 1441 540 1524 sequi
562 1462 687 1524 semper
709 1442 851 1527 uidetur,
881 1464 962 1528 quae
989 1444 1027 1509 in
1056 1445 1130 1531 ipsa

109 1525 369 1591 lluniuersitate
391 1525 551 1590 discurrit.
575 1525 717 1591 dicemus
739 1548 816 1612 ergo
838 1529 922 1613 quod
945 1549 1018 1592 eam
1034 1552 1128 1595 num-
1142 1548 1164 1589 u

157 1631 253 1695 quam
286 1610 448 1695 repperiat
482 1611 509 1675 si
542 1631 668 1695 semper
694 1611 780 1677 hanc
817 1612 984 1698 sequitur?
1027 1614 1128 1680 immo

156 1695 1028 1867 ltttetiamedptttlsluttatlitttitllettttle
1056 1721 1128 1850 tt

156 1865 316 1951 quiescit?
352 1866 428 1952 quia
454 1870 487 1932 et
513 1867 570 1931 illa
600 1866 753 1950 requietis
781 1870 831 1932 est
863 1866 977 1932 inscia.
1019 1833 1127 1934 ’staret

40 2010 43 2015 .
157 1950 292 2015 enimsi
314 1972 465 2036 umquam
492 1954 634 2016 stantem
661 1951 802 2016 animam
828 1952 1023 2037 repperiret,
1055 1972 1160 2019 cuma

156 2056 233 2100 uero
254 2035 312 2100 illa
334 2036 375 2101 ad
398 2036 488 2102 cuius
510 2035 733 2122 appetentiam
759 2035 911 2120 trahitur,
940 2058 1070 2122 semper
1091 2039 1126 2104 in

156 2121 307 2186 uniuersa
329 2142 362 2186 se
384 2121 516 2205 fundat,
546 2142 672 2206 semper
698 2124 731 2186 et
753 2142 867 2206 corpus
895 2143 929 2186 se
956 2123 993 2187 in
1018 2123 1126 2207 ipsam

156 2209 188 2271 et
209 2227 268 2291 per
289 2206 393 2291 ipsam
415 2209 590 2291 retorquet.
634 2206 714 2271 haee
736 2207 775 2271 de
807 2206 953 2272 caelestis
976 2206 1124 2273 uolubili-

155 2293 233 2356 tatis
256 2312 375 2357 arcano
396 2312 500 2377 pauca
527 2292 566 2356 de
587 2290 697 2356 multis
724 2290 890 2357 Plotino
917 2294 1049 2357 auctore
1077 2314 1125 2358 re-

107 2377 146 2441 12
154 2379 247 2459 perta
268 2376 442 2442 sufficiant.
473 2377 557 2461 quod
579 2379 686 2441 autem
707 2375 795 2441 hunc
815 2377 913 2441 istum
935 2377 1158 2442 extimuma

155 2459 330 2546 globum,
354 2461 409 2545 qui
423 2461 470 2525 ita
484 2460 641 2544 uoluitur,
658 2482 841 2526 summurn
856 2461 967 2526 deum
981 2462 1122 2547 uocauit,

154 2548 290 2610 nonita
318 2544 538 2627 accipiendum
567 2546 635 2628 est,
670 2548 708 2609 ut
738 2546 807 2629 ipse
835 2546 940 2631 prima
967 2567 1065 2611 causa
1092 2550 1124 2612 et

155 2630 231 2694 deus
253 2629 308 2694 ille
330 2628 418 2693 omni
460 2627 661 2693 tentissimus
683 2631 886 2696 aestimetur:
913 2652 986 2696 oum
1008 2630 1124 2716 globus

154 2716 234 2798 ipse,
257 2713 342 2797 quod
364 2732 487 2776 cacum
502 2715 562 2797 est,
585 2713 712 2779 animae
735 2715 779 2780 sit
792 2714 928 2799 fabrica,
952 2715 1065 2780 anima
1085 2737 1124 2781 ex

154 2800 262 2863 menta
283 2798 486 2883 processerit,
514 2820 606 2864 mens
628 2819 667 2864 ex
690 2798 764 2883 deo,
794 2800 849 2884 qui
876 2821 951 2865 uere
979 2821 1123 2865 summus
1136 2819 1159 2860 er

105 2885 145 2950 13
154 2886 220 2965 est,
250 2885 418 2966 procreata
445 2882 505 2949 sit:
538 2884 594 2949 sed
622 2905 806 2948 summurn
827 2884 956 2969 quidem
977 2884 1061 2950 dixit
1083 2886 1124 2950 ad

155 2970 333 3032 ceterorum
355 2967 510 3054 ordinem,
534 2969 590 3055 qui
612 2968 747 3034 subiecti
769 2974 845 3033 sunt
858 2970 944 3034 unde
959 2990 1034 3033 mox
1050 2969 1125 3034 sub·

152 3051 230 3117 iecit
257 3072 397 3117 arcens
419 3055 459 3118 et
482 3054 695 3119 continens
718 3056 888 3136 ceteros,
913 3054 1023 3118 deum
1045 3074 1124 3120 uero

153 3137 237 3222 quod
258 3157 325 3203 non
346 3137 440 3203 modo
460 3138 631 3204 inmortale
653 3138 774 3203 animal
796 3160 835 3204 ao
856 3139 1002 3204 diuinum
1024 3138 1070 3204 sit
1091 3142 1125 3204 et

153 3222 285 3309 plenum
306 3221 429 3288 inditae
451 3244 490 3287 ex
511 3223 569 3287 illa
585 3223 757 3308 purissima
777 3228 885 3290 mente
907 3223 1043 3288 rationis
1066 3223 1123 3288 sed
1136 3247 1160 3289 aa

153 3310 237 3394 quod
265 3311 298 3372 et
324 3308 461 3373 uirtutes
489 3329 615 3394 omnes,
645 3329 725 3393 quae
752 3309 843 3374 illam
869 3309 992 3394 primae
1019 3310 1123 3373 omni-

152 3393 334 3479 potentiam
354 3393 548 3459 summitatis
570 3397 723 3459 secuntur
745 3397 800 3461 aut
828 3394 898 3479 ipse
929 3392 1032 3457 faciat
1064 3397 1123 3458 aut

104 3478 144 3542 14
152 3479 222 3564 ipse
246 3478 421 3544 contineat.
458 3479 563 3564 ipsum
590 3478 727 3563 denique
748 3477 858 3545 Iouem
880 3482 1005 3544 ueteres
1027 3498 1122 3544 uoca-
