2362 3878
118 178 160 241 26
532 191 627 237 arsur
650 191 662 236 1

120 350 197 412 set:
226 346 292 430 qui
321 367 406 409 cum
433 365 512 408 rem
535 346 691 428 gestam
713 343 875 407 senatui
897 344 1091 408 nuntias·
1123 358 1126 363 '

120 434 197 514 set,
235 429 439 514 placuisse
473 428 604 492 uelari
640 427 731 491 loca
764 449 808 491 ea
839 448 913 510 qua
945 448 1087 512 pompa
1115 428 1126 505 „³-

120 516 352 596 ueheretur,
383 518 502 598 atque
530 513 588 576 ita
614 515 726 595 peste
755 511 895 575 sedata
923 532 1120 596 puerum:-

120 601 185 685 qui
213 599 520 684 ambiguitatem
548 596 672 660 sortis
701 596 937 660 absolueret
969 598 1100 683 togae:

120 687 356 769 praetextae
378 704 489 746 usum
509 702 647 745 munus
674 681 970 766 impetrauisse.
1098 680 1101 689 '

69 769 110 833 16
204 766 383 832 Vetustatis
399 766 583 850 peritissimi
608 764 753 828 referunt
774 765 815 828 in
840 769 960 848 raptu
982 765 1083 831 Sabi-

119 874 258 918 narum
285 873 400 915 unam
427 850 632 915 mulierem
662 850 822 912 nomine
847 848 1081 932 Hersiliam,
1102 846 1126 939 ,ᾗ

121 939 207 1001 dum
236 936 428 1001 adhaeret
455 934 588 1016 filiae,
624 933 741 998 simul
769 937 941 1017 raptam:
975 944 1126 1031 quaqui

121 1044 205 1086 cum
226 1020 414 1085 Romulus
435 1019 561 1084 Hosto
584 1019 737 1082 cuidam
759 1040 803 1082 ex
826 1040 923 1103 agro
943 1019 1107 1085 Latino-2

121 1106 185 1191 qui
212 1106 253 1170 in
276 1107 428 1190 asylum
450 1105 533 1168 eius
557 1103 797 1187 confugerat
819 1103 973 1167 uirtute
997 1034 1126 1235 con-⁴

120 1191 260 1274 spicue
282 1211 441 1254 uxorem
463 1188 655 1270 dedisset,
684 1191 821 1251 natum
850 1209 895 1252 ex
924 1210 968 1252 ea
994 1186 1111 1273 pue-'¹

120 1298 220 1357 rum,
241 1277 452 1358 antequam
474 1274 554 1337 alia
575 1271 657 1336 ulla
672 1271 911 1337 Sabinarum
931 1234 1126 1413 partum-i

121 1359 272 1423 ederet:
302 1380 400 1442 eum,
429 1358 530 1442 quod
557 1358 706 1441 primus
735 1360 845 1421 esset
867 1357 908 1421 in
931 1357 1084 1422 hostico
1111 1434 1116 1443 Ι

120 1446 371 1527 procreatus,
400 1442 565 1507 Hostum
587 1441 809 1505 Hostilium
832 1465 851 1505 a
873 1445 1001 1506 matre
1023 1463 1084 1506 uo·
1114 1450 1126 1465 ⁶

121 1529 285 1592 citatum
306 1531 344 1591 et
365 1528 529 1591 eundem
552 1526 751 1591 altomulo
773 1526 883 1591 bulla
905 1548 1024 1590 aurea
1046 1546 1083 1590 ao

121 1615 358 1696 praetextae
380 1612 614 1697 insignibus
637 1610 886 1675 honoratum.
930 1611 964 1675 is
986 1612 1086 1675 enim

122 1718 206 1761 cum
228 1700 367 1780 raptas
391 1697 436 1760 ad
459 1696 743 1761 consolandum
765 1700 968 1778 uocasset,
1000 1717 1086 1780 spo·
1110 1766 1114 1773 ,

120 1781 310 1865 pondisse
332 1782 462 1845 fertur
486 1803 524 1845 se
547 1782 630 1844 eius
653 1780 807 1844 infanti
835 1801 935 1864 quae
962 1781 1102 1864 prima

122 1865 200 1930 sibi
223 1867 348 1930 ciuem
370 1866 586 1929 Romanum
615 1868 721 1929 esset
749 1864 881 1942 enixa,
914 1865 1112 1951 inlustre·

120 1972 260 2014 munus
287 1951 476 2014 daturum.

71 2033 110 2095 17
205 2034 281 2099 Non
303 2035 385 2099 nulli
413 2035 548 2099 credunt
575 2034 726 2118 ingenuis
754 2034 862 2117 pueris
892 2034 1088 2098 adtributum
1124 2114 1126 2119 Ι

58 2135 60 2140 ·
121 2123 158 2183 ut
181 2120 311 2184 cordis
338 2120 515 2205 figuram
542 2119 584 2183 in
610 2117 721 2182 bulla
744 2121 837 2182 ante
859 2121 1001 2202 pectus
1024 2119 1088 2183 ad·
1121 2130 1126 2209 f

121 2207 349 2287 necterent,
374 2226 487 2288 quam
508 2202 779 2286 inspicientes
801 2202 858 2267 ita
879 2203 1030 2267 demum
1049 2223 1088 2267 se
1121 2264 1126 2273 .

121 2286 302 2352 homines
332 2290 577 2372 cogitarent,
608 2287 640 2350 si
670 2287 785 2350 corde
814 2290 1086 2371 praestarent,
1108 2290 1126 2345 ’.ε

121 2374 337 2455 togamque
368 2374 620 2454 praetextam
652 2370 726 2434 his
759 2373 936 2435 additam
969 2377 1017 2436 ut
1044 2384 1124 2438 exfi-

121 2477 322 2539 purpurae
358 2456 501 2518 rubore
538 2455 816 2538 ingenuitatis
848 2458 997 2540 pudore
1032 2478 1089 2522 re·
1122 2492 1126 2509 ι

122 2543 325 2625 gerentur.

71 2632 112 2696 18
206 2624 354 2689 Diximus
376 2624 461 2687 unde
483 2627 713 2707 praetexta,
738 2624 912 2690 adiecimus
929 2628 962 2690 et
978 2646 1089 2691 causes

122 2709 236 2792 quibus
249 2709 436 2772 aestimatur
448 2729 598 2772 concessa
613 2710 786 2791 pueritiae:
803 2732 891 2775 nunc
903 2711 989 2774 idem
999 2709 1090 2774 habi·

121 2797 174 2857 tus
195 2815 257 2876 quo
279 2796 469 2877 argumento
484 2793 651 2857 transierit
665 2794 700 2857 in
714 2816 807 2858 usum
822 2795 963 2859 nominis
978 2795 1089 2879 paucis
1100 2808 1124 2851 ω

71 2877 348 2961 19explicandum
371 2882 428 2942 est.
467 2899 535 2941 mos
558 2881 655 2942 antea
678 2879 880 2943 senatoribus
902 2880 967 2943 fuit
987 2880 1024 2943 in
1040 2901 1114 2945 ou·.

122 2963 204 3027 riam
227 2984 299 3026 cum
320 2963 531 3046 praetextatis
553 2962 628 3026 filiis
651 2963 795 3028 introire.
835 2986 908 3028 cum
924 2965 960 3028 in
976 2967 1092 3029 senatu

123 3069 173 3112 res
207 3047 309 3110 maior
342 3049 510 3132 quaepiam
546 3048 788 3113 consultabatur
816 3071 916 3133 eaque
943 3051 979 3112 in
1006 3048 1092 3113 diem

122 3135 286 3216 posterum
306 3132 431 3216 prolata
452 3136 516 3216 est,
540 3131 662 3216 placuit
683 3137 719 3196 ut
734 3132 818 3197 hanc
833 3155 902 3198 rem
917 3154 1014 3216 super
1029 3154 1092 3217 qua

121 3217 351 3282 tractauissent
383 3218 497 3302 nequis
529 3218 713 3281 enuntiaret
745 3219 933 3303 priusquam
961 3219 1090 3283 decreta
1101 3228 1126 3273 ³⁵

192 3426 223 3475 10
242 3424 375 3474 asilumP
441 3426 473 3472 22
492 3423 656 3474 adnecteret
667 3415 701 3473 B'
769 3426 801 3473 26
820 3424 1012 3489 ingenuitates
1026 3415 1058 3472 P'

114 3493 150 3539 31
169 3496 237 3542 ante
253 3493 283 3541 P
348 3495 381 3542 33
398 3491 535 3556 posterum
554 3490 627 3541 diem
645 3489 691 3556 (P)
762 3496 794 3543 34
814 3492 881 3543 esset
899 3493 924 3542 P
