2362 3878
118 158 181 223 140
529 171 626 218 amru
648 171 675 217 11

116 327 177 392 mis
205 325 391 391 maliuolum
419 347 491 389 cum
525 324 659 388 uidisset
692 322 786 387 solito
816 322 993 386 tristiorem

116 413 245 476 Mucio
273 410 381 494 inquit
406 410 544 474 nescio
572 408 666 492 quid
690 407 932 472 incommodi
955 429 993 472 a<

117 497 172 562 sit
194 500 263 561 aut
283 496 421 560 neseio
444 494 505 558 cui
529 492 682 578 aliquid
704 493 828 557 boni'.

81 600 101 664 9
200 597 281 663 lnde
303 597 449 661 Auienus
479 595 634 660 ‘Faustus
657 593 764 660 Sullae
791 594 876 658 filius
903 615 977 658 curn

58 717 62 723 ·
117 685 184 748 eius
207 682 318 747 codem
339 684 483 766 tempore
506 681 584 745 duos
606 680 755 744 moechos
780 679 916 744 haberet
938 679 993 743 Ful

116 767 249 832 fullonis
283 767 387 831 filiurn
421 770 454 830 et
480 764 670 849 Pompeium
703 764 894 850 cognomine
927 763 993 828 Ma<

116 854 241 1001 miro}
257 851 364 999 illilust
386 871 560 999 sorlorgm
574 871 702 999 tmeam
723 849 870 914 habere
893 871 993 914 macr

118 959 202 1002 cum
243 959 266 1000 u
307 957 421 1002 onem
472 957 490 998 a
526 957 599 999 ca.

70 1039 110 1104 10
203 1038 269 1103 Hic
296 1037 485 1123 Euangelus
513 1037 616 1120 ‘apud
636 1036 673 1101 L.
697 1035 893 1119 Mallium,
924 1037 979 1119 qui

117 1146 188 1188 mus
240 1124 323 1188 ictor
350 1122 473 1188 Romae
500 1121 698 1203 habebatur,
730 1120 929 1186 Seruilius
961 1121 990 1185 G

117 1231 190 1273 nus
217 1146 304 1273 lorte
333 1207 470 1274 cenabat
499 1228 633 1290 cumque
660 1205 743 1270 filios
772 1207 839 1270 cius
862 1205 993 1269 deform«

119 1294 218 1357 disset
245 1313 324 1357 non
358 1291 550 1357 similiter
577 1291 683 1375 inquit
710 1289 851 1354 Malli
886 1290 993 1375 fingi

118 1376 264 1462 pingis.
304 1380 336 1442 et
357 1375 487 1440 Mallius
509 1376 552 1440 in
572 1375 753 1441 tenebris
777 1376 882 1439 enim
904 1374 993 1460 fing

119 1461 189 1545 quit
213 1460 300 1525 luce
322 1459 474 1546 pingo’.

70 1564 108 1626 11
203 1561 361 1628 Eusebius
384 1562 498 1626 deinde
521 1561 789 1628 ‘Demosthenes'
818 1562 924 1646 inquit
954 1567 993 1625 ‘e

119 1651 171 1711 tus
200 1647 240 1710 ad
262 1645 370 1712 Laidis
397 1646 535 1729 famam,
566 1648 654 1711 cuius
682 1647 820 1711 formam
847 1650 926 1711 tunc
954 1647 993 1711 G]

19 1812 22 1817 .
118 1732 313 1815 mirabatur,
344 1733 480 1797 accessit
506 1735 544 1797 ut
571 1734 604 1796 et
630 1732 699 1815 ipse
727 1731 851 1796 famoso
879 1752 987 1796 amore

119 1819 218 1882 retur.
268 1816 324 1900 qui
355 1816 412 1881 ubi
444 1816 611 1881 dimidium
639 1816 800 1881 talentum
826 1816 922 1881 unius
950 1839 993 1901 pn

119 1901 225 1967 noctis
248 1901 388 1985 audiuit,
412 1901 559 1967 discessit
579 1901 639 1966 hoc
662 1901 747 1966 dicto
775 1899 840 1966 οὐκ
863 1898 993 1984 ἅγοράζι

120 1987 247 2052 σούτου
269 1990 503 2072 μετανοῆσαι’.

71 2087 111 2152 12
206 2089 298 2154 Inter
324 2089 404 2154 haec
433 2110 505 2153 cum
527 2088 656 2154 Seruius
685 2088 797 2152 ordine
819 2109 853 2151 se
875 2091 994 2152 uocant

120 2174 346 2244 uerecundiam
369 2173 479 2239 sileret
507 2179 635 2238 ‘omnes
656 2178 734 2237 nos'
762 2173 870 2256 inquit
891 2172 993 2256 Euam

121 2259 331 2344 ‘inpudentes
360 2259 571 2343 grammatice
593 2257 802 2342 pronuntias,
832 2257 859 2322 si
881 2261 989 2322 tacere

120 2343 169 2406 uis
190 2343 294 2406 uideri
316 2343 485 2407 tuitionem
510 2343 656 2425 pudoris,
685 2343 770 2407 unde
792 2363 895 2426 neque
917 2345 993 2406 tuun

120 2425 239 2490 Disarii
268 2429 325 2491 aut
346 2426 428 2491 Hori
456 2427 662 2510 supercilium
688 2427 825 2492 liberum
852 2428 915 2491 erit
941 2449 993 2491 aa

120 2510 192 2575 biae
220 2513 315 2593 nota,
344 2511 381 2576 ni
402 2510 646 2576 Praetextatum
674 2515 707 2576 et
727 2534 788 2577 nos
810 2511 916 2576 uelitis
938 2512 994 2575 imi

72 2593 200 2660 13tunc
223 2593 353 2660 Seruius
380 2598 551 2680 postquam
577 2596 682 2682 magis
710 2596 875 2662 silentium
902 2597 993 2661 erube

119 2679 322 2830 gluamitrridit,
352 2681 391 2745 ad
418 2681 603 2746 libertatern
632 2703 665 2746 se
697 2682 810 2746 similis
832 2681 993 2746 relationis

188 3004 315 3085 2nelerp
333 3012 424 3072 inquit
442 3007 468 3056 B
535 3005 638 3074 4sylle
656 3008 688 3067 P,
710 3006 796 3071 syllae
814 3005 841 3055 B
909 3008 993 3073 bruc<

121 3072 255 3123 dfulcml
267 3072 294 3122 B
355 3090 517 3141 eognomrnc
536 3076 618 3127 om.P
684 3076 823 3126 blucrum
840 3074 892 3125 BP
961 3078 991 3125 11

120 3141 170 3192 bat
187 3141 224 3205 P,
244 3143 383 3195 coenabat
399 3143 434 3208 B,
454 3145 523 3209 quod
539 3143 646 3209 amplius
662 3158 713 3194 non
730 3143 824 3194 notabo
912 3143 944 3193 13
970 3158 993 3194 er

120 3223 175 3259 rar.
194 3210 221 3259 in
237 3208 264 3258 P
329 3211 427 3278 mqurtl
444 3203 478 3260 P‘
563 3213 641 3263 14111
658 3210 796 3262 anteluca
815 3211 912 3261 add.b

120 3275 297 3328 moltenelB
367 3282 398 3330 17
417 3271 574 3330 famolaB'
660 3281 691 3330 18
712 3271 803 3329 rer'
874 3281 905 3330 19
924 3275 993 3331 ΛΤΟ

123 3342 341 3464 toruum
362 3343 590 3465 {fatua
610 3349 637 3397 ²³²
654 3344 881 3467 {tutans
894 3349 962 3463 122⁰
986 3344 993 3439 '=

120 3479 182 3531 horr
199 3482 235 3531 P:
267 3480 359 3532 athon
375 3480 409 3547 B,
437 3450 560 3533 auctoris
573 3482 618 3533 Bm
687 3481 720 3532 28
739 3431 845 3534 iuduunt
862 3483 888 3532 P
992 3458 993 3465 ἵ
