2362 3878
154 196 216 262 558
575 214 672 260 amru
688 215 701 260 1

155 390 288 433 saxeum
319 390 377 431 aas
406 368 442 431 in
468 367 698 450 hemisphaerii
725 366 864 450 speciem
887 372 1011 433 cauata
1037 372 1140 437 ambi-

156 456 245 518 tione
268 457 445 534 curuatum,
468 453 556 516 infra
577 474 634 536 per
648 452 749 515 lineas
770 453 939 536 designato
961 454 1139 522 duodecim

157 539 220 602 diei
242 538 393 602 horarum
419 559 552 602 numero
579 558 658 622 quas
690 537 756 600 stili
778 536 995 620 prominentis
1020 543 1139 607 umbra

104 625 145 689 27
158 646 229 688 cum
251 624 392 687 transitu
412 623 488 687 solis
510 620 743 706 praetereundo
769 621 950 707 distinguit.
998 624 1067 691 hoe
1090 632 1139 693 est

157 713 274 791 autem,
298 712 335 772 ut
349 710 477 790 scimus,
494 707 689 771 huiusmodi
709 706 796 770 uasis
812 707 965 790 officium,
982 714 1025 775 ut
1039 714 1157 778 tantos

155 798 299 878 tempore
322 816 341 856 a
363 795 469 877 priore
492 793 562 856 eius·
582 793 783 856 extremitate
806 793 847 856 ad
869 793 1010 858 alteram
1033 819 1136 882 usque

155 879 223 943 stili
251 879 364 943 umbra
386 881 569 963 percurrat,
599 880 720 961 quanto
743 876 791 940 sol
812 877 1027 944 medietatem
1052 884 1134 947 caeli

156 964 198 1027 ab
220 968 291 1028 ortu
312 964 348 1028 in
370 985 529 1045 occasum,
553 963 647 1025 unius
670 962 794 1025 scilicet
807 961 1042 1047 hemisphaerii
1060 989 1134 1032 con·

155 1050 302 1113 uersione
330 1051 472 1112 metitur.
516 1069 594 1111 nam
616 1047 713 1110 totius
738 1047 819 1111 caeli
841 1049 972 1132 integra
998 1072 1131 1117 conuer-

155 1135 203 1198 sio
226 1134 310 1197 diem
331 1137 520 1216 noctemque
544 1131 707 1196 concludit
728 1135 761 1195 et
781 1132 852 1197 ideo
876 1137 1007 1199 constat
1031 1158 1163 1220 quan-10

154 1223 225 1284 tum
248 1220 295 1283 sol
317 1219 353 1282 in
376 1219 495 1282 circulo
518 1238 584 1299 su0‚
608 1220 737 1280 tautum
759 1218 794 1280 in
809 1215 870 1281 hoc
884 1239 962 1283 uase
978 1223 1132 1288 umbram

104 1301 145 1367 28
155 1326 272 1368 meare.
318 1302 393 1366 huic
415 1303 515 1386 igitur
537 1302 747 1386 aequabiliter
769 1302 923 1366 collocato
947 1304 1035 1369 circa
1051 1311 1132 1372 tem·

155 1410 215 1471 pus
237 1388 312 1451 solis
335 1387 420 1450 ortui
442 1386 688 1469 propinquantis
703 1386 843 1452 inhaesit
863 1387 1006 1472 diligens
1022 1393 1130 1457 obser-

155 1472 264 1535 uantis
279 1473 419 1550 obtutus,
437 1473 556 1534 etcum
572 1471 611 1533 ad
627 1471 765 1553 primum
781 1471 855 1535 solis
871 1473 1009 1560 radium,
1035 1499 1131 1561 quem

155 1557 194 1619 de
217 1577 251 1620 se
273 1556 379 1620 emisit
400 1557 505 1638 prima
525 1557 691 1620 summitas
707 1557 793 1620 orbis
809 1578 989 1641 emergens,
1014 1563 1130 1627 umbra
1142 1579 1159 1618 a

155 1641 195 1704 de
209 1641 276 1705 stili
299 1641 447 1705 decidens
469 1642 653 1704 smnmitate
674 1641 811 1725 primam
835 1642 924 1705 curui
945 1642 1031 1710 labri
1054 1648 1129 1711 emi·

155 1727 301 1790 nentiam
318 1727 464 1811 contigit,
481 1725 569 1789 locus
584 1725 663 1809 ipse,
681 1727 735 1810 qui
750 1727 882 1791 umbrae
897 1730 1064 1810 primitias
1079 1754 1129 1796 ex-

156 1812 250 1896 cepit,
274 1815 371 1876 notae
380 1811 580 1896 inpressione
596 1811 741 1895 signatus
764 1816 822 1893 est,
847 1812 1126 1901 obseruatumque,

155 1897 325 1980 quamdiu
346 1918 441 1981 super
462 1901 582 1961 terram
603 1895 650 1958 ita
672 1894 747 1959 solis
770 1896 854 1960 orbis
876 1897 1007 1982 integer
1031 1923 1129 1986 appa·

154 1985 250 2064 reret,
274 1984 310 2045 ut
324 1981 388 2045 ima
404 1983 470 2045 eius
486 1982 652 2045 summitas
668 1980 772 2045 adhuc
786 1979 947 2046 horizonti
962 1984 1128 2050 uideretur
1139 2002 1158 2041 2⁰

102 2065 145 2130 29
153 2067 302 2151 insidere,
327 2071 359 2131 et
380 2066 574 2146 monimus,
598 2065 638 2128 ad
661 2087 754 2149 quem
769 2067 882 2130 umbra
903 2070 983 2132 tunc
999 2069 1036 2133 in
1051 2093 1127 2136 uase

153 2153 199 2215 mi
241 2156 361 2234 auerat,
386 2152 557 2216 adnotatus
573 2154 622 2215 est
635 2150 808 2235 habitaque
823 2152 1025 2218 dimensione
1041 2156 1128 2221 inter

155 2174 266 2301 ambias
288 2238 474 2301 umbrarum
496 2239 589 2301 notas
596 2286 605 2318 ,
630 2257 710 2320 quae
732 2236 896 2320 integrum
917 2237 993 2301 solis
1016 2240 1128 2305 orbem

153 2322 186 2386 id
208 2328 257 2386 est
272 2323 462 2386 diametrum
483 2325 580 2385 natae
602 2321 640 2384 de
663 2321 784 2384 duabus
805 2321 871 2384 eius
886 2325 1128 2390 summitatibus

152 2408 345 2490 metiuntur,
374 2429 450 2491 pars
472 2412 559 2469 no'na
585 2408 714 2488 reperta
736 2408 785 2469 est
807 2406 873 2469 eius
896 2407 1011 2490 spatii,
1042 2412 1158 2494 quoda

155 2515 174 2555 a
196 2513 319 2557 summo
341 2492 427 2554 uasis
449 2491 539 2553 labro
561 2511 660 2573 usque
683 2490 723 2553 ad
745 2490 843 2554 horae
864 2492 989 2575 primae
1005 2493 1128 2560 lineam

102 2576 145 2642 30
154 2578 348 2641 continetur.
394 2576 427 2636 et
449 2595 487 2637 ex
509 2572 571 2637 hoc
593 2575 740 2640 constitit
761 2576 845 2660 quod
866 2577 901 2639 in
930 2597 1028 2642 cursu
1049 2581 1127 2644 solis

152 2683 252 2723 unam
274 2658 428 2741 temporis
452 2658 694 2742 aequinoctialis
716 2659 830 2724 horam
851 2660 952 2725 faciat
966 2665 1127 2746 repetitus

152 2744 265 2808 nonies
287 2742 373 2806 orbis
388 2742 455 2807 eins
471 2764 633 2827 accessus,
657 2748 689 2808 et
704 2745 778 2829 quia
794 2746 959 2810 conuersio
976 2749 1127 2814 caelestis

152 2826 381 2910 hemisphaerii
407 2830 547 2913 peractis
580 2831 667 2894 horis
696 2830 862 2894 duodecim
888 2830 972 2895 diem
1000 2835 1125 2919 condit,
1139 2851 1159 2890 ³⁰

222 3020 324 3067 lunas
342 3027 369 3067 ut
385 3021 437 3070 aid.
457 3012 488 3069 P'
539 3019 696 3086 hemispern
714 3021 739 3069 P
788 3020 896 3071 2hnas
909 3012 944 3070 B‘
1013 3023 1127 3075 4tran·

152 3085 222 3136 situs
236 3078 268 3136 P'
335 3088 461 3138 boffrcro
480 3081 513 3136 B'
564 3089 660 3138 sserns
675 3093 849 3139 extremitate
869 3088 930 3139 eriis
942 3087 968 3136 B
1022 3091 1128 3145 rrum

151 3156 178 3205 P
226 3154 383 3204 umbramh
452 3155 676 3220 sbemcpernB
747 3159 776 3205 11
796 3153 1130 3219 suosmtatltantumP

152 3227 184 3273 13
202 3225 365 3289 ppmqantrs
380 3217 412 3275 P'
481 3226 512 3274 16
530 3223 591 3274 stile
610 3226 634 3274 Ρ
701 3241 815 3290 prunam
841 3242 880 3277 om
908 3226 933 3274 Ρ
996 3231 1129 3280 curuaP

153 3327 184 3375 17
204 3329 394 3393 contetrgrtP
467 3323 615 3377 tobrma
633 3328 659 3376 P
726 3326 839 3376 sumitas
854 3326 880 3375 B
950 3306 1074 3390 armiati
1093 3332 1125 3391 P,

151 3401 271 3445 orraontr
288 3396 314 3446 B
392 3398 426 3445 24
443 3397 479 3444 ad
496 3401 561 3460 natp
579 3396 640 3448 add.
660 3392 690 3442 ai
707 3400 789 3462 nacte
807 3395 852 3444 Bm
905 3394 1086 3449 summatibus
1100 3398 1127 3448 B

150 3464 184 3512 25
202 3464 266 3526 pras
280 3465 306 3513 P
357 3452 490 3529 quiaB'
546 3464 580 3511 ‘26
599 3461 772 3513 affumch
838 3466 871 3514 27
891 3456 1035 3513 cursusB'
1095 3469 1130 3520 30

66 3590 103 3640 ι
141 3531 304 3603 emrspbprrJ
322 3533 348 3586 Ρ
