2362 3878
106 146 170 211 248
525 160 621 207 cmm
644 163 667 209 v

107 315 272 380 rhetomm
294 315 349 399 qui
371 313 456 397 apud
471 313 619 378 Athenas
635 313 762 377 Atticas
784 313 960 378 floruerunt
982 316 1074 380 stilos

107 402 193 466 inter
214 421 248 464 se
271 400 413 465 diuersos
434 397 521 463 hunc
542 420 642 462 unum
664 398 911 482 permiscuisse.'

68 485 104 550 Π
194 485 286 549 limo
308 482 495 568 Euangelus
522 482 671 548 irridenti
700 483 813 547 similis
841 485 945 549 ‘bene’
967 486 1074 570 inquit

108 570 226 655 ‘opifici
248 569 307 633 deo
329 590 349 632 a
370 590 443 633 rure
457 566 637 633 Mantuano
658 570 786 652 poetam
808 590 964 654 conpares
980 593 1074 654 quern

109 655 249 721 Graecos
276 652 438 736 rhetoras,
470 674 604 736 quorum
630 652 737 718 fecisti
764 654 977 735 mentionem,
1013 676 1101 720 neca

107 740 239 804 omnino
266 739 383 823 legisse
411 738 687 803 adseuerauerim.'
720 738 805 803 unde
834 740 920 804 enim
948 740 1073 805 Veneto

107 824 236 889 rusticis
253 823 442 907 parentibus
457 826 535 888 nato
549 825 636 887 inter
651 823 749 887 siluas
764 826 796 888 et
810 822 943 888 frutices
960 826 1074 889 educto

71 910 158 974 2uel
180 909 260 975 leuis
283 908 479 974 Graecarum
500 908 617 972 notitia
643 908 823 972 litterarum
831 908 859 972 l'
904 912 937 972 et
958 909 1074 974 Eusta-

107 994 194 1058 thius
217 999 319 1058 ‘caue'
342 994 449 1079 inquit
471 991 651 1077 ‘Euangele
668 990 861 1057 Graecorum
883 1016 1074 1077 quemquam

107 1079 160 1143 uel
181 1079 220 1144 de
243 1079 375 1143 summis
399 1077 581 1142 auctoribus
602 1080 731 1141 tantam
746 1077 888 1143 Graecae
907 1079 1073 1144 doctrinae
1088 1101 1113 1138 ιο

107 1164 252 1228 hausisse
282 1165 406 1248 copiam
434 1162 561 1240 credas,
590 1165 746 1246 quantam
767 1162 909 1227 sollertia
932 1162 1075 1228 Maronis

107 1249 159 1312 uel
193 1249 344 1313 adsecuta
377 1250 427 1313 est
453 1246 506 1310 uel
533 1246 569 1311 in
597 1269 653 1311 suo
680 1268 775 1331 opere
802 1247 947 1332 digessit.
998 1272 1075 1312 narn

107 1335 236 1429 praeter
263 1331 485 1417 philosophiae
513 1335 546 1395 et
568 1332 787 1429 'astronomiae
817 1332 958 1417 amplam
985 1333 1074 1396 illam

109 1417 403 1585 3ῑὲᾜὲἕὲῐέἓῖ
424 1417 1113 1586 {ustetitdtht0tddlqth1⁵

72 1585 175 1651 3illic
196 1587 275 1650 nata
296 1586 454 1651 inseruit'
499 1589 532 1650 et
552 1585 777 1650 Praetextatus
801 1591 921 1651 ‘oratus
948 1588 1003 1651 sis'
1027 1588 1074 1652 in-

108 1671 178 1755 quit
193 1670 355 1736 ‘Eustathi
376 1673 413 1736 ut
433 1671 513 1736 haec
528 1693 651 1756 quoque
669 1673 892 1736 conmunicata
907 1672 1075 1737 nobiscum

107 1755 199 1839 uelis,
223 1760 379 1841 quantum
400 1757 554 1821 memoria
575 1758 709 1840 repente
731 1756 867 1820 incitata
889 1757 1073 1822 suffecerit'.

108 1862 219 1905 omnes
250 1840 489 1907 praetextatum
518 1841 620 1906 secuti
648 1841 687 1904 ad
716 1841 935 1906 disserendum
959 1842 1074 1907 Eusta-

107 1925 212 1989 thium
233 1929 500 2010 prouocauerunt.
545 1925 599 1991 ille
622 1927 669 1991 sic
690 1926 808 2010 incipit
1088 1947 1114 1983 20

71 2010 93 2074 4
192 2010 416 2077 ‘Dicturumne
430 2033 481 2076 me
496 2012 621 2096 putatis
637 2033 674 2076 ea
689 2033 771 2096 quac
786 2012 885 2098 uulgo
897 2015 975 2077 nota
987 2017 1073 2096 sunt,

108 2095 193 2179 qnod
207 2094 414 2163 Theocritum
435 2097 497 2161 sibi
518 2097 633 2161 fecerit
653 2097 825 2181 pastoralis
841 2098 946 2182 operis
970 2101 1075 2162 aucto-

108 2200 193 2263 rem,
222 2182 337 2246 ruralis
359 2181 552 2265 Hesiodum,
582 2184 614 2247 et
642 2181 726 2267 quod
747 2182 783 2245 in
805 2182 884 2266 ipsis
907 2181 1075 2264 Georgicis

108 2266 310 2348 tempestatis
342 2267 588 2351 serenitatisque
621 2267 717 2350 signa
743 2265 781 2329 de
809 2266 904 2329 Arati
930 2263 1074 2328 Phaeno-

108 2350 212 2413 menis
243 2352 394 2436 traxerit,
428 2352 481 2416 uel
513 2350 597 2436 quod
629 2349 828 2414 euersionem
855 2348 969 2411 lhoi'ae
1004 2369 1075 2410 cum
1088 2365 1115 2404 25

109 2431 229 2500 Sinone
251 2459 308 2501 suo
330 2439 363 2500 et
384 2458 465 2521 equo
485 2435 595 2520 ligneo
618 2433 793 2517 ceterisque
819 2430 968 2495 omnibus
995 2453 1075 2515 quae

109 2517 227 2584 librum
263 2521 437 2586 secundum
471 2519 597 2583 faciunt
633 2539 652 2580 a
679 2515 837 2580 Pisandro
866 2515 907 2579 ad
942 2515 1076 2580 uerbum

72 2602 212 2687 hpaene
233 2603 491 2753 transcripserit,
519 2603 574 2699 qui
594 2603 680 2665 inter
702 2600 842 2665 Graecos
862 2603 976 2684 poetas
1000 2603 1076 2665 emi-

109 2690 166 2752 net
188 2712 283 2775 opere
326 2713 348 2754 u
411 2710 430 2753 a
451 2689 573 2772 nuptus
599 2683 685 2769 Iouis
708 2687 741 2748 et
760 2684 895 2750 Iunonis
916 2686 1075 2770 incipiens

108 2773 276 2840 uniuersas
305 2711 460 2837 historias
495 2791 577 2855 quae
609 2769 722 2834 mediis
759 2770 907 2834 omnibus
940 2772 1075 2836 saeculis
1089 2790 1115 2829 ac

108 2878 208 2941 usque
241 2859 282 2923 ad
315 2859 454 2922 aetatem
486 2855 585 2940 ipsius
617 2852 768 2919 Pisandri
805 2856 1011 2941 contigerunt
1040 2857 1075 2920 in

108 2962 207 3008 unam
229 2942 344 3007 seriem
367 2943 494 3006 coactas
521 2939 681 3037 redegerit
703 2942 737 3004 et
757 2962 857 3004 unum
880 2943 926 3004 εἰ
941 2941 1075 3005 diuersis

108 3023 251 3091 hiatibus
278 3029 460 3110 temporum
488 3046 601 3109 corpus
623 3017 790 3109 ’effecerit,
827 3025 862 3089 in
891 3047 953 3110 quo
981 3047 1076 3109 opere

177 3269 193 3317 3
213 3265 294 3328 evgts
308 3267 334 3315 P
400 3268 543 3333 iperentr
555 3263 653 3316 *rbus
667 3265 693 3314 P
760 3265 861 3316 educta
878 3258 911 3314 P'
980 3268 1010 3314 12
1031 3266 1074 3314 ad-

108 3332 224 3399 seqnuta
241 3334 267 3383 P
345 3337 376 3385 14
394 3333 427 3384 de
446 3348 501 3398 qua
519 3350 566 3387 om.
584 3334 615 3395 P,
635 3334 697 3387 add.
717 3332 838 3386 Cantadr.
921 3334 952 3384 19
972 3332 1077 3397 sequuti

105 3403 153 3517 ΞΜ
200 3401 434 3524 waddelllddhid'
438 3402 525 3520 1thss
544 3400 730 3452 VIRGILIVS
749 3400 886 3452 TRAXJT
904 3401 928 3450 A
946 3400 1077 3452 GRECIS
