2362 3878
485 210 551 276 1111,
569 203 679 257 17-30
997 195 1060 259 411

90 363 299 428 infirmiorem
334 363 448 428 ultima
484 363 541 428 illa
576 384 656 447 qnae
693 362 830 427 diximus
873 362 1063 428 retrimenta

91 449 245 557 labuntur
272 450 305 512 et
332 447 410 546 hinc
431 450 610 513 nascuntur
630 448 819 545 morborum
837 469 952 545 causae
979 470 1061 546 quae

89 533 744 714 11111111ῗέ110111111111111·
761 553 938 714 111ἐὲῗέ
960 532 1113 701 11125

65 703 129 767 slit
150 725 225 786 pars
254 704 394 786 eorporis
421 702 478 767 illa
500 723 581 787 quae
609 723 718 767 sanior
740 704 790 766 est
812 704 845 766 et
872 723 942 767 srne
965 702 1061 766 dubio

89 788 211 852 labitur
231 788 267 852 in
288 788 450 853 infirmam
466 809 547 872 quae
569 787 655 852 uires
669 809 737 851 non
756 785 856 851 habet
872 785 1059 870 repellendi,

91 873 176 936 unde
199 872 298 937 alieni
319 873 460 957 receptio
482 871 638 937 distendit
664 872 771 938 losum
798 872 835 936 in
856 893 951 955 quem
981 871 1061 936 ceei-

90 957 174 1020 derit
202 960 235 1022 et
261 957 339 1022 hinc
368 960 519 1023 creantur
546 956 681 1022 dolores.
730 955 812 1020 haee
833 959 883 1021 est
905 976 982 1040 ergo
1003 956 1060 1020 tri-

89 1042 164 1125 plex
184 1063 282 1106 causa
303 1042 355 1107 uel
369 1042 533 1128 podagrae
548 1042 599 1106 uel
618 1041 787 1106 cuiuslibet
809 1062 849 1105 ex
864 1040 1060 1106 confluentia

51 1147 76 1186 ιο
90 1126 193 1190 morbi
214 1127 248 1190 id
271 1130 321 1225 est
341 1122 522 1225 multitudo
535 1125 689 1224 humoris,
711 1125 868 1224 fortitudo
889 1125 1060 1223 membris

89 1211 336 1361 {rostitit
349 1211 833 1392 qlalltlllltlpnilmiii
851 1208 1111 1380 (111111ξῖ6

89 1403 225 1463 quarum
262 1381 363 1445 alters
390 1382 510 1467 pendet
538 1403 577 1446 ex
604 1381 717 1464 altera,
747 1384 780 1445 et
808 1403 835 1444 sr
864 1379 1059 1464 praecedens

89 1465 187 1528 fuerit
209 1465 380 1548 impedita,
404 1465 512 1530 nullus
533 1465 572 1530 fit
594 1465 757 1551 sequentis
780 1466 927 1548 effectus,
954 1485 1059 1529 resur-

51 1569 76 1610 15
89 1570 196 1612 ramus
220 1549 326 1613 animo
349 1549 389 1613 ed
411 1549 500 1613 illam
522 1549 659 1647 primam
686 1550 898 1636 digestionem
942 1569 1002 1612 uae
1024 1548 1059 1612 in

89 1637 202 1698 uentre
237 1633 420 1717 conficitur,
456 1636 489 1698 et
520 1634 705 1699 inuenietur
726 1635 803 1719 quid
836 1635 904 1718 imp
948 1633 1059 1697 'menti

89 1741 128 1783 ex
149 1718 340 1782 multiformi
367 1720 521 1782 naseatur
542 1718 703 1783 alimonia.
750 1719 949 1783 diuersorum
971 1717 1109 1785 enim27

90 1803 234 1867 ciborum
256 1804 382 1868 diuersa
396 1806 514 1868 natura
537 1805 586 1867 est
607 1806 641 1867 et
655 1807 731 1867 sunt
752 1803 807 1886 qui
822 1803 966 1886 celerius,
983 1805 1060 1866 sunt

90 1889 144 1971 qui
171 1889 294 1951 tardius
322 1888 522 1973 digeruntur.
573 1909 645 1952 eum
679 1908 756 1972 ergo
789 1889 895 1971 prima
921 1886 1059 1972 digestio

53 1995 78 2035 20
92 1972 192 2036 uertit
212 1972 247 2035 in
271 1994 392 2056 sucum,
409 1973 484 2056 quia
504 1993 572 2035 non
595 1971 689 2036 simul
711 1972 819 2036 omnis
835 1975 968 2056 accepta
989 1993 1059 2036 uer·

89 2058 219 2140 turtur,
256 2056 340 2141 quod
368 2056 456 2140 prius
483 2077 613 2120 uersum
639 2057 704 2139 est,
741 2055 816 2119 dum
844 2056 908 2119 alia
935 2057 1058 2120 tardius

89 2145 280 2225 uertuntur,
316 2141 435 2206 acessit
468 2143 501 2205 et
532 2139 595 2205 hoo
626 2161 722 2224 saepe
752 2139 852 2204 etiam
884 2140 1058 2205 eructando

89 2227 255 2291 sentimus.
306 2226 369 2290 alie
400 2247 541 2311 quoque,
576 2224 690 2310 quibus
723 2224 817 2289 tarda
844 2223 981 2308 digestio
1011 2227 1059 2288 est
1067 2226 1109 2292 28

89 2313 177 2375 uelut
198 2313 290 2397 ligna
310 2311 442 2375 humida
463 2331 545 2395 quae
566 2313 704 2395 urgente
718 2309 796 2394 igne
816 2308 942 2372 fumum
964 2307 1002 2371 de
1025 2328 1059 2371 re

51 2418 77 2458 es
92 2400 218 2481 creant,
242 2398 289 2461 sie
312 2400 345 2461 et
365 2395 422 2460 illa
444 2396 634 2460 imminente
655 2394 732 2480 igne
754 2396 891 2458 naturae
917 2391 1056 2475 fumant,

90 2482 165 2544 dum
187 2482 309 2545 tardius
333 2483 592 2565 concoquuntur,
622 2480 649 2544 si
671 2479 801 2564 quidem
821 2499 882 2542 nee
903 2476 965 2541 hoe
987 2497 1058 2540 sen-

90 2586 160 2626 sum
173 2622 176 2628 .
189 2565 365 2630 eructantis
392 2565 511 2631 euadit.
567 2565 657 2630 cibus
685 2567 794 2628 autem
826 2561 962 2646 simplex
991 2563 1109 2628 n0n29

90 2648 190 2710 habet
212 2653 450 2715 controuersam
471 2671 604 2734 moram,
628 2650 704 2713 dum
719 2647 814 2713 simul
828 2647 864 2712 in
879 2646 1057 2730 simplicem

91 2753 201 2795 sucum
222 2734 358 2798 uertitur
371 2756 432 2800 nee
454 2735 591 2820 digestio
605 2734 672 2799 ulla
692 2734 842 2798 turbetur
856 2732 932 2797 dum
946 2750 1057 2795 omnes

51 2840 78 2881 ao
91 2817 153 2880 sibi
176 2818 261 2879 stata
275 2822 509 2884 momentorum
524 2819 722 2884 dimensione
737 2818 923 2882 suosedunt.
958 2815 1058 2900 siquis
1067 2822 1111 2888 30

92 2902 199 2964 autem
220 2938 263 2950 —
306 2902 360 2965 uis
380 2902 463 2967 nihil
484 2903 707 2988 impatientius
729 2902 892 2986 imperitia
905 2937 950 2950 -
962 2900 1058 2965 ratio-

91 3007 148 3049 nes
171 2985 229 3049 has
252 2923 445 3070 dedignetur
466 2987 590 3074 audire,
619 2987 794 3053 aestimans
821 3008 888 3050 non
909 2985 1059 3070 impediri

91 3071 304 3155 digestionem
326 3069 390 3134 nisi
412 3070 479 3134 sola
502 3073 645 3138 ciborum
666 3071 883 3154 multitudine,
896 3092 957 3134 nee
978 3069 1059 3134 uelit

92 3156 130 3219 de
157 3155 311 3239 qualitate
339 3157 493 3238 uacare,
522 3155 577 3222 hio
610 3178 734 3242 quoque
766 3155 972 3222 multiformis
1001 3154 1058 3218 ali-

158 3312 174 3360 8
192 3311 239 3361 hre
258 3303 290 3360 P'
357 3313 372 3361 9
392 3325 425 3360 ex
443 3292 654 3362 confluentra—
666 3313 699 3363 10
717 3310 862 3362 multrtudo
880 3326 926 3362 om.
944 3310 976 3374 P,
995 3311 1057 3362 add.

93 3377 213 3429 Cantabr.
285 3379 317 3430 15
335 3377 527 3444 destrgestrone
544 3385 572 3428 ut
587 3380 640 3433 uid.
659 3370 692 3429 P‘
746 3380 781 3430 24
797 3385 932 3444 urguente
949 3377 976 3427 P
1024 3379 1058 3427 25

90 3460 155 3563 pignp
174 3460 227 3563 omi>
240 3438 271 3495 P‘
322 3449 355 3500 28
375 3444 565 3513 eonltronersra
582 3439 615 3497 P'
681 3449 716 3498 30
733 3445 916 3497 succeduntur
933 3446 959 3495 P
1025 3446 1058 3497 33

98 3529 137 3578 ,01
158 3528 188 3580 0
1004 3548 1010 3555 -
