2362 3878
163 164 226 232 396
533 181 628 227 nram
651 182 701 227 vn

162 338 198 399 in
226 334 366 400 conuiuii
398 334 550 398 societate
584 334 777 417 reppererit,
811 355 989 398 sermonem
1022 337 1060 399 de
1094 359 1127 401 se

161 420 304 505 patietur
331 420 462 504 agitari,
494 419 569 503 quia
602 418 692 482 uelut
718 440 839 503 paucae
865 419 992 483 litterae
1019 425 1127 485 mutae

163 505 324 589 dispersae
351 506 437 568 inter
463 504 580 568 multas
609 503 735 568 uocales
763 504 799 568 in
826 504 1011 569 societatem
1038 508 1126 569 uocis

162 590 259 655 facile
281 592 525 672 mansuescunt,
554 588 601 652 ita
623 591 758 652 rariores
781 589 922 673 imperiti
948 590 1125 674 gaudentes

163 675 323 739 consortio
350 674 526 758 peritorum
559 676 615 737 aut
647 676 827 738 consonant
859 675 949 758 siqua
981 679 1152 757 possuntt

113 760 219 825 10111
239 780 346 823 rerum
367 759 481 823 talium
505 759 675 842 capiuntur
702 759 824 824 auditu.
875 760 902 824 si
923 780 998 824 uero
1019 759 1127 842 plures

163 843 203 908 ab
225 844 430 908 institutione
446 843 634 927 disciplinae
657 842 750 907 huius
766 843 864 908 alieni
887 847 973 926 sunt,
990 844 1127 927 pruden-

160 929 264 1012 tibus,
293 930 349 1013 qui
376 929 541 1012 pauciores
567 928 763 1011 intererunt,
799 930 923 993 sauciet
951 929 1127 992 dissimula-

161 1014 284 1078 tionem
316 1014 365 1078 sui
398 1016 431 1076 et
463 1012 603 1095 patietur
635 1011 863 1097 loquacitatem
896 1014 1010 1078 maiori
1041 1015 1127 1098 parti

162 1099 346 1163 amiciorem
373 1097 494 1162 sociare
521 1118 562 1160 ne
584 1118 658 1159 rara
679 1097 832 1160 nobilitas
855 1119 874 1160 a
896 1099 989 1181 plebe
1011 1099 1127 1162 tumul·
1143 1119 1166 1157 10

112 1184 302 1247 lltuosiore
323 1183 479 1246 turbetur.
524 1183 557 1244 et
578 1180 657 1244 haec
684 1203 749 1244 una
772 1185 820 1245 est
847 1183 885 1245 de
907 1182 1129 1266 philosophiae

161 1267 352 1350 uirtutibus,
381 1266 456 1351 quia
479 1286 552 1329 cum
579 1267 687 1329 orator
707 1287 774 1329 non
803 1265 896 1330 ahter
917 1267 982 1331 nisi
1007 1269 1128 1331 orando

161 1352 328 1434 probetur,
352 1349 560 1433 philosophus
582 1370 646 1412 non
676 1350 782 1413 minus
809 1352 947 1416 tacendo
968 1374 1027 1436 pro
1049 1355 1128 1415 tem-

160 1455 237 1517 pore
281 1456 356 1498 uam
376 1434 534 1517 loquendo
556 1433 810 1517 philosophatur.
861 1436 907 1499 sic
934 1457 1011 1521 ergo
1033 1439 1128 1518 pauci

160 1519 214 1601 qui
237 1457 374 1582 aderunt
395 1518 552 1582 doctiores
578 1518 614 1581 in
642 1539 832 1582 consensum
858 1521 946 1583 rudis
975 1522 1128 1584 consortii
1143 1540 1167 1577 u

160 1602 251 1666 salua
273 1605 306 1666 et
327 1603 414 1666 intra
436 1623 469 1666 se
491 1603 674 1685 quiescente
696 1604 764 1667 ueri
779 1605 910 1667 notione
927 1605 1125 1687 migrabunt,

111 1685 199 1751 12111
226 1687 329 1752 omnis
358 1686 534 1751 discordiae
562 1686 702 1769 suspicio
728 1687 877 1751 facessat.
928 1709 987 1751 nec
1009 1689 1127 1751 mirum

162 1773 189 1835 si
212 1773 323 1837 doctus
344 1771 443 1836 faciet
457 1771 542 1856 quod
556 1770 634 1835 fecit
648 1771 808 1855 quondam
823 1771 1010 1836 Pisistratus
1026 1773 1126 1834 Athe-

159 1879 275 1921 narum
297 1860 466 1942 tyrannus.
511 1856 565 1940 qui
588 1877 659 1920 cum
680 1856 755 1920 filiis
783 1857 848 1921 suis
870 1859 993 1920 rectum
1021 1857 1127 1920 dando

162 1942 329 2006 consilium
351 1963 417 2006 non
439 1939 632 2005 obtinuisset
653 1941 824 2005 adsensum
839 1944 935 2025 atque
949 1941 1020 2004 ideo
1043 1946 1127 2004 esset
1141 1961 1166 1999 20

160 2026 196 2090 in
224 2027 387 2092 simultate
416 2048 488 2090 cum
515 2026 642 2109 liberis,
671 2026 726 2090 ubi
753 2025 815 2090 hoc
842 2026 975 2089 aemulis
998 2048 1127 2089 causam

159 2111 259 2177 fuisse
281 2112 392 2196 gaudii
420 2111 567 2196 conperit
587 2132 627 2174 ex
653 2111 710 2175 illa
737 2110 895 2175 discordia
923 2111 1126 2195 sperantibus

159 2197 194 2260 in
217 2197 310 2262 domo
331 2197 500 2282 regnantis
522 2195 612 2260 nasci
634 2217 727 2279 posse
749 2196 941 2278 nouitatem,
971 2196 1127 2259 uniuersi-

159 2283 228 2345 tate
256 2281 374 2345 ciuium
402 2283 578 2345 conuocata
606 2281 652 2345 ait
685 2282 903 2344 succensuisse
933 2280 1059 2363 quidem
1093 2303 1126 2343 se

119 2378 122 2383 '
158 2364 234 2429 filiis
256 2387 322 2430 non
345 2365 624 2449 adquiescentibus
651 2365 775 2447 patriae
800 2363 961 2428 uoluntati
989 2365 1044 2428 sed
1066 2364 1126 2429 hoc
1139 2381 1166 2418 2³>

160 2450 221 2513 sibi
242 2453 354 2533 postea
376 2452 480 2512 uisum
501 2451 656 2533 paternae
678 2449 784 2531 aptius
808 2469 875 2511 esse
896 2449 1012 2531 pietati
1034 2452 1069 2512 ut
1091 2450 1126 2513 in

159 2535 355 2598 sententiam
376 2532 549 2596 liberorum
571 2533 640 2615 ipse
669 2531 871 2613 concederet,
902 2532 999 2596 sciret
1026 2534 1126 2618 igitur

161 2619 275 2681 ciuitas
291 2617 431 2681 sobolem
453 2616 540 2700 regis
552 2637 624 2679 cum
635 2619 728 2699 patre
740 2616 939 2681 concordem.
969 2616 1029 2681 hoc
1043 2640 1125 2681 conr-

158 2703 268 2764 mento
296 2722 386 2785 spem
411 2700 551 2764 detraxit
573 2699 802 2764 insidiantibus
823 2702 992 2786 regnantis
1015 2703 1123 2786 quieti.

109 2785 203 2849 l3ita
230 2786 265 2848 in
293 2785 381 2848 omni
408 2785 494 2848 uitae
521 2805 641 2933 qenere
669 2786 902 2870 praeciqueque
935 2787 970 2850 in
1001 2786 1125 2850 laetitia
1139 2805 1165 2842 :³0

160 2869 320 2933 conuiuali
342 2890 436 2933 omne
458 2891 520 2953 quo
563 2869 691 2934 uidetur
713 2870 868 2935 absonum
890 2871 925 2935 in
940 2893 1038 2935 unam
1052 2894 1124 2935 con-

159 2953 299 3018 cordiam
322 2954 392 3019 soni
414 2954 504 3018 salua
530 2954 718 3019 innocentia
739 2955 948 3040 redigendum
971 2961 1029 3019 est.
1079 2957 1125 3019 sic

158 3038 341 3122 Agathonis
364 3038 563 3122 conuiuium,
593 3039 668 3123 quia
690 3038 837 3104 Socrates
859 3039 1021 3104 Phaedros
1043 3040 1124 3104 Pau-

158 3123 266 3186 sanias
296 3128 329 3187 et
355 3122 582 3207 Erysimachos
611 3123 741 3208 habuit,
777 3125 824 3188 sic
856 3146 894 3188 ea
922 3147 1001 3189 cena
1028 3147 1124 3210 quarn

226 3347 356 3396 darrdrtr'r
377 3349 400 3396 P
466 3347 666 3398 8saucc1etP
715 3345 926 3397 19trrannul'P
992 3349 1124 3411 2211101-

156 3415 235 3463 rrtP
302 3412 555 3479 251101111ξ11111Ρ
604 3417 637 3465 33
654 3413 807 3480 phedrosP
856 3414 1125 3465 34er1r1machosP

222 3497 256 3531 ea
277 3483 506 3549 Cantabriprenas:
524 3481 547 3532 81
565 3482 590 3530 Ρ
657 3496 727 3547 cena
745 3482 771 3531 P
