2362 3878
450 252 530 319 vin,
552 245 646 297 5-14
969 234 1033 301 389

62 409 158 489 raptu
184 405 284 468 nirnio
316 407 482 489 tamquam
514 425 573 488 per
603 403 716 489 fugam
748 403 893 469 redeunt.
948 405 1033 469 idem
1044 406 1081 468 11

64 490 227 574 Vergilius
250 490 312 554 duo
333 489 396 554 isto
419 489 519 553 uerba
539 491 740 553 maturare
763 493 795 553 et
817 511 1032 574 properare

63 579 228 658 tamquam
249 574 346 659 plane
369 574 531 639 contraria
553 573 722 638 scitissime
745 574 908 658 separauit
924 574 960 639 in
982 575 1033 640 his

62 661 191 724 ueribus

38 763 50 802 a
106 745 243 828 frigidus
267 743 425 828 agricolas
449 742 605 827 siquando
629 743 774 808 continet
794 743 908 826 imber,

106 828 217 911 multa,
239 827 348 891 forent
370 849 451 911 quae
472 849 546 892 mox
569 828 657 892 eaelo
682 829 884 912 properanda
906 849 1029 913 sereno,

106 917 268 977 maturare
291 913 395 977 datur.

64 1000 146 1062 bene
169 1001 202 1062 et
224 997 389 1082 eleganter
411 997 473 1062 duo
495 997 595 1062 istaec
618 998 715 1062 uerba
738 998 859 1063 diuisit.
893 1020 1032 1083 namque
1045 997 1084 1061 12

64 1084 99 1146 in
120 1087 316 1167 praeparatu
343 1083 389 1146 rei
412 1082 551 1146 rusticae
580 1103 637 1166 per
659 1085 867 1167 tempestates
894 1083 1031 1167 pluuias,

27 1189 51 1226 ro
65 1169 216 1252 quoniam
240 1190 279 1232 ex
301 1168 493 1232 necessitate
515 1168 616 1231 otium
638 1171 703 1250 est,
732 1169 888 1232 maturari
910 1170 1031 1252 potest:

64 1274 122 1336 per
143 1274 273 1317 serenas
295 1275 382 1336 uero,
407 1252 559 1336 quoniam
582 1255 708 1336 tempus
730 1253 842 1337 instat,
866 1253 1033 1338 properari

64 1359 194 1402 necesse
222 1341 281 1402 est.
332 1359 409 1402 sane
438 1360 509 1402 cum
538 1337 787 1422 significandum
815 1341 865 1402 cst
893 1338 1033 1403 coactius
1043 1335 1083 1401 13

65 1423 139 1504 quid
156 1427 187 1485 et
201 1423 409 1486 festinantius
423 1421 556 1504 factum,
573 1424 692 1487 rectius
706 1422 769 1487 hoo
789 1422 907 1488 dieitur
921 1444 1035 1507 prae·

64 1509 218 1570 mature
240 1506 364 1570 factum
386 1529 482 1590 quam
503 1510 639 1571 mature:
664 1508 760 1572 sicuti
782 1509 963 1572 1111111111
988 1507 1033 1571 di-

26 1609 51 1648 ro
65 1590 112 1653 xit
134 1591 169 1654 in
191 1594 320 1675 togata,
346 1591 396 1655 cui
418 1591 572 1658 TITVLVS
594 1614 713 1656 nomen
736 1596 784 1657 est

108 1676 231 1759 adpetis
254 1675 453 1740 dominatum
469 1676 599 1740 demens
614 1680 817 1761 praemature
832 1698 1030 1760 praecocem.

64 1762 184 1844 inquo
212 1783 307 1826 uersu
335 1761 654 1825 animaduertendum
682 1765 732 1825 ast
759 1763 842 1845 quod
869 1782 1034 1846 praeeo-

66 1867 146 1908 cenr
167 1846 284 1929 inquit,
307 1868 374 1910 non
396 1867 673 1930 praecoquem,
690 1848 739 1909 est
754 1847 842 1909 enim
858 1867 950 1910 casus
965 1845 1033 1909 cius

64 1933 170 1992 rectus
191 1952 258 1992 non
280 1931 522 2012 praecoquis
545 1930 600 1993 sed
623 1935 818 2012 praecox.²

26 2031 51 2068 aa
150 2013 213 2076 Hie
242 2015 388 2077 Auienus
415 2035 524 2077 rursus
546 2014 727 2098 interrogat
750 2019 834 2078 ‘cum
856 2013 1032 2109 Vergilius'
1045 2012 1085 2076 14

64 2096 171 2180 inquit
197 2099 345 2161 ‘Aenean
374 2119 466 2161 suurn
492 2101 654 2181 tamquam
683 2119 741 2181 per
768 2097 877 2162 omnia
902 2119 1033 2182 pruma

66 2183 258 2266 contagione
281 2183 399 2246 atrocis
422 2182 508 2246 uisus
525 2182 609 2265 apud
630 2181 751 2246 inferos
771 2182 987 2246 uindicauerit
1002 2185 1034 2245 et

65 2267 168 2350 magis
192 2289 264 2331 eum
286 2268 402 2332 fecerit
417 2267 527 2330 audire
548 2288 675 2331 reorum
690 2266 830 2352 gemitus
845 2288 940 2351 quarn
962 2266 1034 2350 ipsa

64 2352 172 2415 uidere
201 2356 379 2436 tormenta,
409 2352 445 2415 in
472 2352 559 2500 iplsos
586 2373 663 2416 uero
692 2373 821 2435 campos
848 2351 975 2435 piorum
996 2350 1033 2413 li-

26 2454 50 2494 15
66 2440 174 2500 center
201 2437 379 2521 induxerit,
410 2459 465 2501 eur
514 2459 551 2502 oc
572 2439 683 2501 tamen
705 2457 800 2500 uersu
822 2435 963 2500 ostendit
984 2434 1034 2499 illi

64 2525 189 2603 partem
211 2523 368 2607 locorum,
392 2522 507 2606 quibus
529 2521 621 2620 impii
643 2521 876 2586 cohibebantur

106 2606 299 2671 uestibulum
315 2611 390 2672 ante
410 2608 517 2691 ipsum
531 2607 706 2691 prrmisque
720 2607 757 2670 in
770 2605 917 2671 faucibus
933 2603 1034 2670 Oroi?

64 2689 119 2771 qui
142 2691 228 2753 enirn
249 2693 443 2757 uestibulum
466 2696 498 2756 et
518 2692 629 2757 fauces
651 2691 734 2756 uidit
748 2692 843 2755 ‘intra
857 2691 962 2775 ipsam
982 2711 1033 2754 ae-

65 2774 136 2836 dem
158 2777 223 2836 iam
245 2777 313 2840 sine
336 2777 536 2841 dubitatione
558 2777 723 2859 successit,
748 2779 805 2840 aut
825 2775 932 2860 siquid
946 2774 1033 2838 aliud

26 2877 51 2915 :ro
65 2858 113 3005 ded
125 2858 316 2975 uestibuli
340 2861 496 2925 uocabulo
518 2861 772 2946 intellegendum
795 2864 853 2944 est,
877 2860 959 2925 scire
981 2858 1033 2922 de-

65 2965 90 3005 si
116 2963 179 3006 ero.

132 3117 148 3165 5
168 3115 267 3180 Georg.
286 3115 367 3166 1259
438 3117 468 3166 16
488 3133 514 3166 1.
533 3118 583 3168 536
600 3116 681 3167 Ribb.
752 3116 872 3168 111611.
891 3115 930 3166 VI
948 3118 998 3166 273

133 3288 145 3334 1
165 3284 281 3334 redeant
298 3277 330 3334 P‘
411 3288 441 3334 12
463 3283 644 3350 srgurfrosrdr'r
662 3287 759 3336 111111.
777 3277 810 3335 P'
887 3283 995 3335 coatrus
1008 3286 1034 3333 P

67 3357 96 3402 13
115 3353 257 3403 16611111-
269 3355 300 3402 14
318 3353 423 3402 factum
441 3368 487 3405 om.
501 3354 527 3403 P
594 3354 625 3403 16
645 3351 757 3403 demens
776 3353 882 3404 Gellius:
901 3350 1001 3402 utteris
1009 3352 1034 3400 P

68 3422 96 3470 17
114 3436 143 3469 ru
162 3437 214 3485 quo
232 3438 299 3473 corr.
319 3429 347 3471 ut
363 3424 415 3475 uid.
435 3437 470 3471 ex
487 3424 578 3484 mqurt
594 3424 621 3470 in
633 3420 658 3469 P
724 3420 804 3470 uersu
816 3447 849 3455 -
860 3422 891 3470 18
909 3435 964 3470 uon
983 3435 1031 3470 om.

63 3488 94 3549 P,
114 3489 175 3541 odd.
188 3488 406 3554 Cantabripiensis
475 3490 506 3539 19
524 3487 672 3554 proooqurs
685 3504 754 3542 corr.
767 3491 794 3538 in
806 3486 953 3554 preooqurs
965 3489 992 3537 in
1011 3488 1037 3535 P

63 3558 94 3604 21
115 3570 203 3606 enean
224 3558 247 3605 P
313 3557 464 3623 ‘231pseP
