2362 3878
154 178 221 244 250
418 126 420 131 -
567 194 664 241 nram
686 195 710 241 v

155 347 303 432 perducit
324 347 365 411 ad
386 346 561 411 Phaeacas.
605 345 672 411 illic
693 346 729 410 in
752 345 900 410 conuiuio
922 347 1053 411 Alcinoi
1075 370 1123 413 re-

156 433 207 518 gis
228 435 342 497 narrat
362 432 432 516 ipse
454 452 548 515 quem
570 430 609 495 ad
632 431 760 494 modum
782 430 820 495 de
835 430 931 495 Troia
951 431 992 495 ad
1008 430 1123 517 Calyp-

156 538 267 581 sonem
288 538 388 601 usque
410 515 604 601 peruenerit.
620 518 695 600 post
708 514 873 580 Phaeacas
895 537 1004 580 rursus
1015 516 1122 582 Vlixis

155 600 397 686 nauigationem
419 622 518 686 usque
540 601 581 665 ad
602 600 750 665 ithacam
772 621 811 665 ex
831 622 969 684 persona
990 602 1123 686 propria

106 687 144 751 11
178 688 250 751 oeta
284 686 446 751 describit.
503 707 597 770 quem
630 687 758 750 secutus
792 684 884 749 Maro
912 686 1049 750 Aenean
1083 687 1148 751 des

154 709 266 837 Aicilia
301 770 465 855 producit,
509 771 599 836 cuius
634 770 877 856 nauigationem
913 771 1122 836 describendo

154 854 301 940 perducit
323 856 363 920 ad
384 855 530 940 Libyam.
573 855 641 920 illic
668 854 703 920 in
727 855 873 920 conuiuio
896 855 1031 920 Didonis
1053 856 1122 940 ipse

154 943 269 1004 narrat
296 940 425 1005 Aeneas
452 962 552 1025 usque
580 940 621 1004 ad
643 939 787 1005 Siciliam
809 940 847 1004 de
869 938 965 1004 Troia
987 942 1122 1025 nauiga-

153 1024 276 1088 tionem
303 1028 334 1089 et
361 1025 451 1090 addit
477 1047 541 1090 uno
569 1045 664 1090 uersu
686 1025 857 1109 quodiam
879 1025 1004 1109 copiose
1026 1029 1122 1110 poeta

155 1109 369 1194 descripserat
1134 1132 1158 1171 10

195 1192 273 1259 hinc
294 1215 345 1258 me
369 1194 547 1279 digressum
568 1194 684 1259 uestris
707 1195 784 1259 deus
806 1194 931 1279 appulit
953 1194 1027 1259 oris.

104 1278 145 1343 12
152 1281 227 1363 post
253 1279 400 1344 Africam
426 1300 550 1364 quoque
577 1301 686 1344 rursus
713 1282 810 1363 poeta
837 1301 876 1343 ex
902 1301 1040 1364 persona
1063 1302 1121 1344 sua

153 1365 216 1427 iter
238 1363 348 1428 classis
370 1385 469 1448 usque
492 1365 532 1429 ad
553 1364 657 1448 ipsam
679 1363 849 1448 descripsit
870 1363 999 1429 Italiam

195 1447 321 1513 interea
342 1448 483 1513 medium
505 1449 634 1514 Aeneas
656 1449 721 1514 iam
745 1448 845 1514 classe
866 1450 1001 1514 tenebat

195 1535 300 1598 certus
321 1534 394 1598 iter.
1133 1553 1159 1595 rs

104 1617 227 1765 133611
269 1618 333 1682 uod
355 1621 388 1683 61
409 1639 504 1683 omne
526 1640 605 1703 opus
626 1617 851 1705 Vergilianum
871 1619 961 1684 uelut
984 1619 1022 1683 de
1045 1641 1120 1703 quo·

175 1724 227 1766 am
287 1703 419 1769 americi
445 1704 550 1787 operis
578 1703 706 1788 speculo
733 1703 907 1768 formatum
929 1703 1000 1768 est?
1042 1726 1120 1768 nam

153 1789 186 1851 et
206 1790 381 1872 tempestas
403 1789 485 1853 mira
508 1788 688 1853 imitatione
711 1789 872 1873 descripta
887 1792 993 1854 661-
1007 1810 1119 1854 uersus

152 1871 317 1957 utriusque
345 1873 399 1958 qui
427 1873 514 1938 uolet
542 1873 688 1938 conferat
708 1911 752 1924 —
772 1877 809 1938 ut
830 1872 941 1939 Venus
968 1874 1005 1938 in
1032 1872 1118 1938 Nau-

152 1957 258 2022 616666
289 1956 395 2022 locum
422 1958 551 2024 Alcinoi
584 1958 671 2024 filiae
703 1959 873 2043 successit,
906 1959 978 2043 ipsa
1011 1961 1120 2023 autem
1133 1981 1158 2020 ao

152 2041 234 2107 Dido
262 2042 362 2108 refert
389 2043 528 2109 seciam
554 2045 641 2130 regis
668 2043 798 2109 Alcinoi
826 2044 1011 2109 conuiuium
1040 2044 1119 2108 cele-

102 2124 143 2189 14
152 2125 287 2192 brantis.
333 2066 440 2213 Scylla
467 2149 593 2213 quoque
621 2133 654 2194 et
676 2128 855 2214 Charybdis
885 2132 918 2194 et
945 2127 1037 2194 Oirce
1066 2128 1118 2192 de-

153 2215 263 2276 center
291 2212 466 2298 attingitur
493 2215 526 2277 et
552 2235 611 2298 pro
634 2213 716 2280 Solis
744 2214 899 2278 armentis
922 2211 1118 2294 Strophades

150 2296 274 2361 insulae
300 2296 479 2381 finguntur.
526 2301 560 2361 61
587 2320 646 2382 pro
674 2296 908 2363 consultatione
939 2295 1117 2358 inferorum

151 2381 322 2445 descensus
345 2380 385 2444 ad
403 2402 457 2445 eos
474 2402 546 2445 cum
568 2383 723 2446 comitatu
745 2379 920 2444 sacerdotis
941 2378 1115 2460 inducitur.
1130 2402 1155 2441 25

150 2465 197 2529 ibi
217 2464 389 2529 Palinurus
411 2464 581 2548 Elpenori‚
606 2466 662 2530 sed
684 2468 717 2529 et
737 2463 856 2527 infesto
879 2462 974 2526 Aiaci
995 2461 1116 2527 infesta

149 2547 234 2612 Dido
261 2550 295 2612 et
321 2546 463 2612 Tiresiae
486 2548 628 2614 consiliis
649 2546 813 2613 Anchisae
840 2547 964 2611 monita
986 2568 1116 2631 respon-

100 2632 238 2698 151661.
271 2632 337 2695 iam
358 2631 480 2716 proelia
501 2631 612 2697 Iliadis
634 2636 668 2698 et
688 2631 857 2697 uulnerum
884 2653 950 2696 666
978 2632 1048 2697 6166
1070 2633 1116 2697 di-

149 2715 304 2800 sciplinae
319 2716 518 2800 perfectione
534 2715 705 2802 descriptio
721 2720 754 2783 et
769 2716 967 2782 enumeratio
983 2717 1115 2782 auxilio-

148 2822 219 2864 rum
242 2800 358 2884 duplex
380 2804 413 2866 et
433 2801 606 2869 fabricatio
634 2824 794 2868 armorum
816 2805 850 2867 et
870 2801 985 2867 ludicri
1013 2806 1113 2867 certa-
1128 2828 1153 2868 66

148 2885 245 2949 minis
272 2885 414 2950 uarietas
435 2887 597 2973 ictumque
619 2888 706 2954 inter
727 2909 820 2974 reges
843 2890 876 2952 et
896 2891 1028 2972 ruptum
1048 2887 1114 2952 foe-

217 3076 247 3124 11
266 3074 335 3124 Aen.
353 3073 397 3125 III
414 3077 464 3128 715
534 3078 566 3128 14
583 3077 621 3131 ib.
639 3078 664 3129 V
682 3079 696 3129 1

147 3175 352 3187 ——--———.

215 3243 417 3310 2calrpsoncm
434 3245 460 3294 P
526 3246 690 3313 bsequutus
704 3248 730 3296 P
796 3245 925 3297 llrbram
944 3245 969 3294 P
1007 3245 1114 3323 „Dido-

147 3361 190 3412 nis
203 3364 262 3414 add.
272 3361 431 3428 1166161616,
443 3379 491 3415 om.
501 3364 527 3414 P
582 3367 614 3416 19
632 3365 921 3416 nienheersensis*
935 3327 1112 3431 audiremur

147 3429 173 3478 P
238 3433 272 3480 22
290 3429 368 3481 scilla
386 3432 411 3482 P
478 3432 600 3484 caribdis
613 3434 640 3483 P
703 3435 737 3485 18
754 3431 839 3499 pleha
857 3448 926 3485 corr.
937 3434 964 3483 16
981 3431 1073 3499 proha
1090 3433 1116 3481 P

139 3498 177 3544 29
193 3497 339 3564 discriptio
355 3489 389 3549 P'
457 3504 641 3552 enurmeratro
658 3502 756 3554 61616.
774 3494 806 3552 Ρ’
873 3503 905 3551 31
923 3505 1019 3565 itumq.
1039 3500 1065 3548 P
