2362 3878
458 220 530 286 xv1,
547 213 640 266 4-13
968 206 1033 272 539

64 374 227 455 maiorem,
253 393 325 437 cum
346 372 445 457 uulgo
468 372 616 457 singulae
646 373 701 437 uix
722 372 804 438 facis
827 374 921 438 unius
943 375 1032 440 flam·

64 480 150 523 mam
182 478 319 542 aequare
352 477 445 541 posse
478 456 670 522 uideantur?
713 478 790 543 ergo
816 460 896 523 tuno
923 478 1032 524 earum

64 564 139 607 uere
161 542 350 627 magnitudo
372 542 501 606 adserta
524 542 681 626 credetur,
712 543 739 606 si
762 542 898 607 maiores
922 546 1031 629 singu·

63 629 112 692 las
134 649 231 711 quam
253 628 303 691 est
324 627 427 690 omnis
449 629 536 691 terra
559 647 628 691 esse
651 626 842 692 constiterit.
872 628 956 711 quod
970 627 1032 694 hoe

38 712 157 776 cmodo
179 712 256 776 licet
276 731 498 796 recognoscas.
524 714 680 795 punctum
702 711 853 777 dixerunt
873 733 942 776 esse
957 733 1031 797 geo·
1043 713 1084 777 10

64 800 186 861 metrae
213 796 297 881 quod
319 795 360 860 ob
388 794 735 880 inconprehensibilem
762 796 956 861 breuitatem
983 797 1032 862 sui

63 883 99 945 in
120 885 227 965 partes
250 879 350 945 diuidi
371 901 439 944 non
460 880 578 965 possit,
608 902 669 946 nec
696 881 801 965 ipsum
825 902 901 966 pars
924 881 1031 965 aliqua

64 966 119 1029 sed
131 969 258 1030 tantum
267 965 363 1030 modo
378 965 508 1050 signum
524 986 593 1030 esse
608 965 744 1030 dicatur.
768 965 894 1049 physici
910 969 1032 1031 terram

63 1051 104 1113 ad
126 1050 384 1136 magnitudinem
406 1049 483 1114 circi
503 1071 562 1134 per
583 1072 677 1135 quem
693 1050 741 1115 sol
754 1050 896 1137 uoluitur
917 1052 1032 1135 puncti

25 1154 50 1194 10
63 1136 192 1200 modum
213 1135 359 1200 obtinere
381 1135 568 1200 docuerunt.
592 1135 639 1200 sol
661 1138 768 1201 autem
789 1138 912 1219 quanto
926 1134 1032 1200 minor

63 1221 106 1285 sit
128 1221 213 1285 circo
234 1219 374 1304 proprio,
399 1219 632 1303 deprehensum
654 1223 712 1284 000.
757 1219 1030 1285 manifestissimis

63 1305 149 1370 enim
182 1305 418 1369 dimensionum
449 1305 629 1370 rationibus
664 1304 810 1370 constitit
846 1325 1031 1369 mensuram

62 1389 138 1453 solis
161 1389 412 1453 ducentesimam
434 1391 559 1453 sextam
586 1389 743 1454 decimam
764 1392 891 1474 partem
911 1389 1031 1454 habere

62 1473 297 1558 magnitudinis
320 1474 398 1538 circi
420 1495 593 1559 perquem
615 1474 663 1539 sol
685 1475 754 1559 ipse
772 1473 934 1539 discurrit.
959 1474 1080 1539 cumll

25 1576 50 1615 15
64 1578 141 1642 ergo
164 1557 212 1622 sol
234 1558 274 1621 ad
298 1558 416 1622 circum
439 1579 531 1622 suurn
553 1580 628 1642 pars
652 1563 740 1623 certa
762 1559 815 1642 sit,
845 1562 933 1624 terra
954 1579 1031 1624 uero
1121 1579 1124 1586 ·

64 1642 102 1706 ad
132 1643 252 1707 circum
279 1641 355 1706 solis
387 1645 545 1727 punctum
571 1643 614 1708 sit
645 1644 730 1728 quod
756 1665 832 1727 pars
861 1664 930 1709 esse
963 1664 1031 1707 non

62 1728 174 1811 possit,
203 1727 272 1791 sine
302 1727 507 1792 cunctatione
528 1726 640 1792 iudicii
661 1727 762 1791 solem
790 1730 918 1792 constat
944 1731 1031 1791 terra

63 1832 131 1876 esse
152 1813 317 1894 maiorem,
346 1812 374 1876 si
395 1812 497 1875 maior
519 1816 568 1876 est
588 1833 663 1896 pars
686 1832 724 1875 eo
745 1810 829 1894 quod
850 1810 953 1895 partis
974 1832 1031 1875 no-

62 1917 137 1960 men
166 1896 267 1959 nimia
298 1895 349 1958 sui
381 1895 541 1959 breuitate
574 1916 642 1959 non
670 1894 766 1979 capit.
810 1916 922 1959 uemm
955 1893 1030 1959 solis
1042 1893 1082 1957 12

24 1981 149 2044 iccirco
177 1978 377 2063 superiorum
403 1977 571 2043 stellarum
604 1978 705 2044 circos
733 1982 856 2044 certum
884 1983 934 2043 000
962 2000 1030 2044 0000

63 2065 217 2145 maiores,
251 2063 279 2126 si
312 2083 349 2127 00
378 2062 462 2160 quod
490 2063 674 2127 continetur
707 2063 740 2128 id
773 2063 857 2147 quod
886 2062 1031 2128 continet

62 2149 165 2212 maius
189 2149 248 2230 est,
273 2168 345 2211 cum
366 2147 421 2213 luc
442 2147 486 2211 sit
508 2147 692 2212 caelestium
714 2147 924 2232 sphaerarum
941 2147 1029 2229 ordo,

62 2237 98 2297 ut
113 2255 132 2297 0
147 2232 309 2317 superiore
332 2253 555 2317 unaquaeque
576 2232 710 2297 inferior
737 2233 907 2297 ambiatur.
946 2231 1030 2296 unde

63 2321 96 2382 et
116 2318 213 2383 lunae
235 2316 407 2402 sphaeram
429 2317 520 2401 quasi
535 2338 555 2380 a
571 2317 659 2382 caelo
673 2317 822 2382 ultimam
837 2322 870 2382 00
889 2316 1031 2381 uicinam

23 2406 169 2468 asterrae
195 2403 364 2467 minimam
391 2402 473 2467 dixit
501 2423 573 2468 cum
600 2405 687 2466 terra
713 2402 786 2500 ipsa
811 2402 848 2466 in
874 2403 1030 2485 punctum

62 2488 153 2572 quasi
174 2509 249 2553 uere
271 2489 336 2552 iam
357 2491 520 2572 postrema
541 2487 680 2552 deficiat.
715 2509 742 2552 s1
765 2507 842 2572 ergo
865 2484 1030 2550 stellarum
1042 2483 1082 2548 13

63 2573 260 2656 superiorum
283 2573 377 2657 circi,
400 2577 437 2638 ut
458 2572 606 2656 diximus,
631 2573 715 2637 circo
738 2572 814 2636 solis
837 2574 914 2636 sunt
933 2591 1030 2668 gran-

63 2656 182 2738 diores,
207 2656 354 2742 singulae
377 2662 485 2723 autem
506 2657 601 2722 huius
629 2661 705 2722 sunt
731 2655 967 2742 magnitudims
993 2658 1031 2719 ut

64 2739 104 2803 ad
121 2740 239 2804 circum
254 2763 319 2805 una
335 2762 478 2827 quaeque
500 2763 593 2806 suurn
608 2741 738 2806 modum
751 2741 854 2838 partis
870 2741 1028 2824 optineat,

23 2824 133 2889 sosine
155 2824 251 2888 dubio
274 2825 421 2910 singulae
447 2830 535 2891 terra
563 2829 640 2890 sunt
667 2825 838 2909 amphoras
865 2847 963 2909 quam
990 2825 1030 2888 ad

63 2909 138 2973 solis
162 2908 282 2974 circum
304 2909 359 2993 qui
373 2910 590 2994 superioribus
605 2910 710 2974 minor
725 2913 774 2974 est
789 2913 945 2994 punctum
961 2930 1030 2974 esse

66 3083 266 3093 ..ῃ-...-

131 3182 295 3236 3credatur
312 3174 344 3231 P'
411 3182 501 3234 40110
518 3198 566 3234 om.
584 3184 610 3233 P
687 3180 990 3248 dinoomphensrbrlem
1007 3181 1033 3230 P

63 3243 494 3317 immaterialemque?
573 3249 707 3302 8h1srcr
725 3251 751 3300 P
819 3252 851 3301 10
869 3251 948 3300 auin
967 3251 1031 3299 aute

61 3321 89 3368 in
105 3335 159 3370 ras.
177 3323 205 3370 in
221 3320 247 3369 P
323 3319 354 3367 11
373 3267 698 3384 manifestisimrsdifutt
714 3317 757 3383 us)
775 3319 801 3367 P
875 3318 906 3366 12
925 3313 1032 3366 constat

62 3387 87 3435 P
138 3389 170 3438 15
189 3386 263 3437 suum
281 3402 330 3438 om.
349 3386 375 3436 P
428 3387 460 3437 16
478 3391 504 3436 ee
523 3386 555 3436 10
573 3388 648 3436 aria
666 3384 843 3452 parituras.
861 3383 931 3435 aP
999 3385 1031 3433 19

63 3455 159 3519 capiat
174 3471 203 3519 p,
222 3459 306 3520 caput
323 3454 349 3504 P
416 3455 449 3505 20
468 3454 600 3505 0000οΡ
650 3453 690 3504 est
707 3469 755 3506 om.
773 3445 805 3502 P'
872 3451 907 3501 24
925 3449 1032 3516 speram

62 3522 88 3571 P
153 3522 187 3573 29
205 3522 350 3591 obtineant
367 3522 393 3571 P
459 3524 493 3574 30
509 3518 615 3587 singulo
633 3512 666 3572 P
