2362 3878
149 176 215 243 384
557 192 654 239 maur
674 192 712 240 vr

354 345 424 428 quis
447 348 502 408 aut
524 343 552 408 Ε
613 344 706 408 sthca
728 345 841 408 durum

195 434 251 495 aut
272 430 430 494 inlaudati
452 366 735 494 nescitmdusiridis
758 429 853 493 aras?

151 533 212 596 hoc
240 532 328 595 enim
355 532 494 609 uerbum·
510 530 714 594 inlaudati
741 552 808 596 non
835 533 884 594 est
905 531 1056 593 idoneum
1079 532 1119 594 ad

150 616 392 714 exprimendam
419 615 657 680 sceleratissimi
690 616 829 680 hominis
861 616 1117 697 detestationom,

150 724 205 786 qur
227 701 311 784 quod
338 700 484 765 homines
512 701 655 764 omnium
682 701 829 784 gentium
853 699 1018 764 immolare
1047 700 1144 763 soli-5

150 791 202 851 tus
230 786 309 869 fuit,
338 806 405 849 non
436 785 530 850 laude
557 785 711 869 indignus
744 785 799 849 sed
827 785 1039 850 detestatione
1067 807 1118 848 ex·

111 871 389 954 bsecrationeque
411 871 509 934 tot-ius
532 869 665 933 humani
687 872 815 953 generis
837 870 953 955 diguus
976 873 1034 934 est.
1064 871 1119 932 sed

150 977 211 1052 nec
232 954 294 1019 hoc
315 955 448 1018 uerbum
471 976 509 1018 ex
524 955 694 1040 diligentia
707 954 898 1039 Vergiliana
913 954 1023 1018 uenire
1039 954 1118 1017 mihi

150 1041 278 1104 indetur
303 1147 361 1209 per
382 1125 528 1188 tunicam
549 1124 750 1208 squalentem
773 1145 860 1188 auro.
1131 1149 1156 1186 10

150 1248 218 1291 non
256 1226 343 1291 enim
382 1225 535 1290 conuenit
573 1225 677 1290 dicere
717 1247 828 1290 auro
867 1224 1118 1309 squalentem

150 1311 302 1396 quoniam
324 1311 422 1375 nitori
444 1311 669 1395 splendorique
692 1311 761 1374 auri
784 1310 947 1375 contraria
969 1311 1012 1373 sit
1026 1333 1118 1394 squa-

150 1396 228 1460 loris
249 1396 411 1460 inluuies.’

113 1481 133 1543 7
234 1480 279 1544 Et
306 1479 435 1545 Seruius
463 1481 513 1544 ‘de
540 1480 639 1544 uerbo
667 1501 832 1544 uexassc
858 1481 905 1544 ita
932 1479 1118 1563 responderi

151 1585 244 1648 posse
267 1565 415 1630 arbitror.
459 1587 592 1630 uexassc
615 1586 715 1650 graue
737 1565 871 1629 uerbum
894 1566 943 1628 est
964 1567 1155 1628 tractum-15·

151 1670 212 1734 que
240 1650 280 1713 ab
309 1671 359 1714 eo*
374 1650 501 1714 uidetur
528 1652 613 1735 quod
640 1653 689 1714 est
716 1649 861 1713 uehere
889 1650 924 1712 in
950 1670 1012 1732 quo
1034 1650 1119 1713 inest

150 1734 215 1797 iam
237 1735 286 1798 uis
302 1736 458 1818 quaedam
481 1735 578 1798 alieni
593 1734 734 1817 arbitrii,
757 1756 824 1798 non
839 1735 925 1798 enim
940 1734 990 1796 sui
1004 1737 1118 1817 potens

151 1822 199 1883 cst
222 1820 276 1903 qui
299 1819 436 1883 uehitur.
481 1840 627 1884 uexare
650 1824 773 1902 autem,
800 1818 885 1903 quod
907 1840 946 1882 ex
969 1840 1006 1881 eo
1027 1818 1119 1881 incli-

150 1906 265 1967 natum
286 1907 345 1986 est,
368 1904 402 1967 ui
425 1907 519 1988 atque
541 1907 630 1968 motu
651 1904 763 1987 procul
785 1904 880 1968 dubio
895 1903 1035 1967 uastiore
1058 1906 1116 1966 est.

7 2010 10 2015 ·
111 1990 226 2054 Suam
248 1990 302 2073 qui
323 1989 426 2053 fertur
449 1992 481 2053 et
495 1992 642 2073 raptatur
665 1991 760 2072 atqua
775 1988 839 2052 huc
862 1991 894 2051 et
912 1988 989 2051 illuc
1004 1988 1117 2051 distra-
1132 2010 1155 2046 a

150 2073 255 2156 bitur,
280 2075 308 2138 is
330 2074 440 2138 uexari
463 2073 592 2158 proprie
614 2075 732 2138 dicitur
754 2073 846 2137 sicut'
871 2076 1010 2136 taxare
1032 2095 1117 2155 pres-

151 2158 215 2222 sius
246 2159 448 2243 crebriusque
476 2162 525 2223 est
552 2181 647 2243 quam
674 2163 857 2244 tangere,
886 2157 971 2221 unde
993 2157 1026 2220 id
1048 2179 1118 2240 pro-

152 2243 203 2305 cul
230 2244 325 2307 dubio
355 2244 548 2308 inclinatum
570 2247 635 2328 est,
655 2248 698 2309 ,et
719 2244 873 2308 iactare
895 2242 995 2306 multo
1016 2241 1118 2305 fusius

150 2327 333 2411 largiusque
357 2333 405 2392 cst
427 2350 523 2413 quam
545 2329 679 2395 iacere
687 2379 695 2411 ‚
725 2329 810 2392 unde
838 2328 871 2391 id
898 2328 1032 2391 uerbum
1053 2329 1117 2388 tra-

151 2411 281 2476 ductum
303 2416 368 2494 ost,
398 2433 586 2496 quassare
608 2413 706 2477 etiam
734 2435 830 2496 quarn
858 2415 1021 2496 quatere
1044 2433 1154 2494 gra-¹2⁵

113 2497 221 2561 liuius
249 2497 483 2579 uiolentiusque
511 2500 569 2559 est.
620 2518 687 2560 non
709 2497 810 2581 igitur
832 2497 906 2580 quia
933 2496 1031 2580 uulgo
1054 2496 1117 2558 dici

152 2580 233 2644 solet
260 2583 410 2644 uexatum
438 2601 506 2644 esse
535 2601 628 2663 quem
649 2580 737 2644 fumo
768 2584 823 2645 aut
844 2585 942 2645 uento
970 2584 1027 2644 aut
1048 2581 1117 2664 pul-

151 2686 241 2747 uere,
270 2668 440 2748 propterea
468 2664 563 2728 debet
583 2665 632 2728 uis
660 2686 737 2729 uera
760 2668 855 2749 atque
883 2669 1001 2729 natura
1027 2665 1116 2728 uerbi

151 2748 311 2833 deperire,
342 2770 423 2832 quae
446 2749 666 2833 auctoribus,
696 2750 750 2834 qui
771 2751 901 2834 proprie
930 2753 1025 2834 atque
1054 2749 1116 2895 siq-

9 2902 13 2907 ,
104 2835 227 2898 llluate
249 2832 347 2896 locuti
370 2837 462 2916 sunt,
485 2833 533 2898 ita
554 2838 592 2899 ut
613 2835 720 2900 decuit
743 2839 932 2899 conseruata
960 2837 1019 2899 est.
1070 2833 1154 2896 lla

151 2915 304 2982 Oarorus
321 2920 419 2983 uerba
442 2922 518 2983 sunt
533 2941 571 2984 ex
593 2937 768 2985 onarroun
784 2941 879 3003 quam
895 2937 942 2982 nu
958 2919 1116 2983 Aonaurs

150 3001 279 3085 scripsit
302 3023 465 3088 cumque
480 3004 686 3069 Hannibal
707 3008 853 3069 terram
875 3004 1038 3067 Italiam
1060 3002 1117 3066 la·

150 3122 353 3132 ------

197 3195 233 3311 551
253 3189 352 3311 (georg.
366 3195 444 3244 1114
514 3196 546 3244 10
558 3191 726 3245 Aen,x314
795 3196 827 3244 30
846 3193 944 3259 fragm.
960 3193 1001 3242 ed.
1017 3193 1117 3243 Iordan

150 3276 177 3325 P·
235 3298 242 3323 r

220 3427 389 3479 leunltlrea
408 3431 464 3489 P„
516 3431 548 3479 26
567 3429 623 3479 drcr
645 3438 672 3479 ut
694 3432 744 3481 uid.
766 3446 834 3481 corr.
862 3434 888 3481 ia
915 3431 1016 3482 dicrtur
1043 3436 1068 3480 ia
1095 3433 1119 3480 Ρ

137 3497 176 3545 30
190 3496 303 3562 loquuti
320 3498 350 3547 l>
429 3499 467 3551 M.
487 3497 511 3548 P
577 3501 608 3550 31
629 3497 724 3548 acheri
739 3499 764 3546 P
