2362 3878
395 229 458 293 vn,
477 222 545 272 15-
555 221 596 277 19.
619 228 694 295 vm,
712 221 785 275 1-5
1011 212 1072 279 387

107 385 167 446 lor
196 383 234 446 de
262 403 296 446 re
324 382 387 445 alia
414 381 505 445 nulla
531 403 627 466 quam
656 381 694 446 de
717 381 793 445 salis
819 381 1073 465 inquinamentis

107 468 170 531 diei
193 467 357 551 eoeperit!

191 568 339 633 ‘Gratum
354 568 433 632 mihi
449 573 508 632 est'
521 568 666 632 Auienus
682 569 728 633 ait
744 571 933 633 ‘correctum
948 569 1032 653 quod
1042 567 1125 633 VIII

106 655 144 718 de
167 653 296 737 optimis
320 653 414 717 dietis
436 653 520 717 male
542 653 709 736 opinabar.
762 653 817 717 sed
839 653 874 717 in
896 652 957 717 hoa
978 675 1073 717 uersu

79 739 232 803 auidetur
253 738 333 801 mihi
356 739 464 802 deesse
487 737 606 821 aliquid

147 825 216 906 ipse
240 821 397 898 Quirinali
419 823 499 886 lituo
521 844 685 908 paruaque
707 822 840 887 sedebat

148 908 329 972 succinctus
351 907 474 972 trabea.

105 993 241 1056 sienim
268 991 351 1055 nihil
379 992 487 1056 deesse
511 992 729 1076 consedimus,
759 995 861 1057 restat
882 995 919 1056 ut
940 992 999 1056 fiat
1020 992 1071 1055 li-

103 1082 170 1141 tuo
187 1082 224 1141 et
239 1079 378 1141 trabea
393 1076 631 1143 succinetus
646 1078 729 1161 quod
746 1080 795 1142 est
809 1077 1072 1142 absurdissimum

65 1184 90 1222 10
104 1163 222 1246 quippe
246 1185 317 1227 aum
338 1162 436 1226 lituus
459 1163 502 1227 sit
523 1162 617 1247 uirga
639 1163 746 1227 breuis
767 1163 802 1225 in
824 1166 916 1246 parte
939 1184 1002 1246 qua
1023 1184 1072 1225 ro-

102 1248 226 1311 bustior
249 1251 298 1312 est
319 1249 469 1330 innume,
496 1269 559 1331 qua
581 1269 719 1332 augures
742 1251 876 1312 utuntur
897 1267 957 1312 nee
979 1247 1072 1311 uideo

103 1333 240 1415 qualiter
261 1332 342 1397 lituo
365 1334 547 1396 succinctus
568 1333 671 1416 possit
693 1333 818 1396 uideri’

187 1416 367 1499 Respondit
382 1416 511 1481 Seruius
533 1417 579 1481 sie
601 1418 662 1482 hoe
684 1417 805 1482 dietum
822 1438 890 1482 esse
911 1420 949 1481 ut
970 1413 1109 1500 plera-2

102 1523 164 1648 qqe
178 1501 255 1650 Odiei
282 1500 581 1649 perhdefeetienem
608 1502 712 1648 solerqt
733 1503 930 1650 uelutiteum
946 1501 1071 1650 t‹liehitur

64 1602 147 1649 ar.
208 1607 316 1650 icero
374 1602 456 1650 omo
485 1607 544 1649 ma
579 1608 629 1650 na
663 1608 722 1651 eo
755 1609 831 1651 uen
857 1609 895 1650 ra
929 1608 945 1650 e
1031 1607 1071 1650 o·

103 1671 206 1734 seius
221 1670 370 1735 histrio
386 1692 531 1734 summa
546 1607 763 1736 denustatqe
785 1693 850 1736 non
866 1671 998 1757 plenum
1009 1671 1071 1735 hoe

101 1760 270 1839 utrumque
297 1777 401 1840 neque
423 1755 603 1839 perfeetum
631 1759 679 1820 est
707 1755 872 1821 sedenim
915 1777 951 1819 ro
974 1756 1070 1840 pleno

103 1861 139 1902 ae
161 1840 305 1922 perfeeto
328 1841 465 1904 auditur.
511 1843 548 1904 ut
566 1839 729 1925 Vergilius
753 1840 815 1905 alio
837 1841 872 1904 in
892 1779 963 1904 loeo
1087 1839 1107 1903 3

144 1926 299 1988 uiatorem
321 1924 429 1988 Buten
450 1925 574 1987 inmani
597 1945 729 2008 corpore

63 2028 88 2066 νο
102 2008 134 2070 id
158 2012 207 2071 est
230 2029 371 2091 eorpus
398 2008 558 2089 inmane
586 2007 814 2091 habentem,
838 2012 871 2073 et
892 2010 970 2073 item
993 2010 1071 2073 alibi

143 2093 179 2155 in
200 2093 341 2156 medium
363 2092 508 2176 geminos
530 2092 655 2156 inmani
676 2092 818 2176 pondere
841 2097 945 2157 cestus

144 2178 279 2260 proiecit

102 2262 310 2327 assimiliter

143 2348 254 2412 domus
278 2347 367 2411 sanie
390 2345 590 2430 dapibusque
613 2344 764 2410 eruentis,

62 2432 471 2581 arnauldum
487 2428 1107 2591 taruannensem·4

100 2601 183 2682 quod
209 2603 342 2665 minime
370 2600 551 2665 mirandum
576 2600 661 2664 foret
688 2600 716 2664 si
742 2599 790 2663 ita
812 2599 934 2663 dietum
955 2599 1070 2664 fuisset

99 2685 212 2767 piens
235 2684 437 2760 Quirinali
464 2685 567 2750 lituo
597 2688 683 2749 erat
713 2684 808 2748 sicuti
831 2685 965 2750 dicimus
988 2688 1069 2750 sta-

99 2772 169 2831 tua
191 2769 334 2854 grandi
357 2770 490 2853 eapite
513 2773 610 2834 erat.
654 2772 687 2834 et
709 2773 769 2834 est
790 2772 900 2834 autem
923 2773 955 2833 et
983 2774 1069 2834 erat

61 2873 86 2913 30
101 2855 133 2916 et
155 2853 232 2917 fuit
253 2853 439 2937 plerumque
461 2856 580 2920 absunt
603 2876 675 2918 eum
690 2854 854 2939 elegantia
876 2855 945 2919 sine
973 2855 1068 2918 detri-

99 2942 209 3003 mento
232 2938 421 3002 sententiae.
465 2939 521 3003 sed
543 2939 695 3023 quoniam
716 2939 805 3004 faeta
829 2939 925 3003 litui
947 2937 1106 3004 mentiod

99 3028 164 3107 est,
193 3022 514 3107 praetermittendum
545 3045 613 3088 non
646 3027 695 3088 eat
726 3024 810 3108 quod
837 3044 930 3108 posse
958 3024 1068 3109 quaeri

100 3107 396 3190 animaduertimus,
419 3110 527 3172 utrum
549 3129 568 3172 a
594 3108 673 3173 tuba
699 3109 798 3173 lituus
826 3109 990 3194 auguralis
1013 3131 1067 3192 ap·

167 3300 182 3348 6
200 3299 268 3348 Aen.
289 3298 341 3349 VII
361 3298 408 3349 187
480 3300 511 3347 19
529 3297 567 3350 ib.
587 3299 611 3349 V
629 3300 679 3349 372
748 3299 780 3347 21
798 3298 836 3349 ib.
856 3298 880 3348 V
897 3300 947 3350 401

166 3469 349 3534 2eeper1tP
426 3469 457 3518 15
475 3453 551 3517 mare'
573 3466 599 3515 P
666 3466 967 3546 19et211QmamP
1033 3467 1068 3516 20

98 3551 217 3586 rmmane
234 3537 261 3586 P
327 3538 358 3587 21
379 3533 467 3603 celtus
482 3537 508 3587 P
575 3536 607 3587 29
625 3532 649 3587 t
667 3539 732 3587 erat
748 3549 799 3587 om.
817 3532 838 3584 P

867 3611 946 3676 ab*
