2362 3878
166 183 226 246 148
574 194 671 241 mem
693 194 720 240 11

165 354 239 415 ratu
261 348 427 426 discedens
449 346 523 411 nale
545 346 666 411 dicenti
687 344 749 411 hoc
770 348 900 410 tantum
921 346 1134 410 insusurrauit

165 457 242 501 non
265 433 454 517 putabam
476 452 532 495 me
554 431 632 496 tibi
659 434 737 494 tam
758 430 1012 495 familiarem.

117 521 158 585 14
251 519 331 584 Cum
354 517 392 582 de
407 516 524 601 Tyriae
546 536 707 601 purpurae
729 536 825 600 quam
843 516 906 580 emi
921 515 1061 580 iusserat
1081 517 1132 581 ob-

167 604 318 669 scuritate
334 607 530 686 quereretur,
547 601 673 666 dicente
689 600 854 665 uenditare
876 601 988 685 erige
1011 601 1132 666 altius

166 693 204 753 et
227 688 386 771 suspice
414 687 465 751 his
493 709 569 751 usus
597 690 646 751 est
674 685 794 750 salibus
828 684 945 769 quid?
974 707 1064 771 ego,
1092 688 1154 751 uta

165 795 222 921 mq
244 771 627 920 populuquorpanus
650 770 760 917 dicqt
782 770 882 835 bene
905 769 1071 854 cultum,
1094 772 1131 835 in

166 881 206 924 so
231 879 315 922 ario
337 879 397 921 am
429 879 451 920 0
476 877 495 920 6
521 877 615 920 urus
638 877 720 919 sum

118 944 157 1009 15
253 940 518 1007 Nomenculatori
540 962 608 1022 sno,
633 940 672 1004 de
695 940 784 1004 cuius
807 940 968 1004 obliuione
984 940 1132 1025 quereba-

165 1032 234 1112 tur,
269 1027 389 1091 dicenti
424 1025 612 1109 numquid
646 1026 691 1089 ad
723 1023 850 1090 forum
877 1025 1065 1089 mandas?
1093 1062 1132 1072 -

166 1113 303 1197 accipe
330 1111 438 1196 inquit
460 1110 815 1194 commendaticias
843 1109 936 1194 quia
957 1109 1048 1174 illic
1069 1128 1164 1175 ne-10

165 1199 310 1261 minem
331 1195 449 1261 nosti.

116 1284 156 1349 16
251 1281 417 1346 Vatinio
445 1281 480 1344 in
507 1280 611 1364 prima
640 1301 698 1344 sua
720 1282 826 1344 aetate
849 1278 1016 1364 eleganter
1037 1279 1132 1344 insul·

165 1367 259 1430 teuit.
304 1369 456 1429 contusus
484 1364 539 1429 ille
566 1365 710 1450 podagra
737 1364 867 1428 uolebat
893 1368 1003 1428 tamen
1033 1364 1132 1428 uideri

166 1449 350 1514 discussisse
378 1450 443 1514 iam
469 1450 585 1514 uitium
613 1452 645 1514 et
670 1449 757 1514 mille
778 1471 892 1533 passus
915 1449 1080 1514 ambulare
1101 1470 1133 1513 se

166 1535 373 1620 gloriabatur.
425 1535 476 1599 oui
504 1534 622 1601 Caesar
650 1556 728 1599 000
761 1535 880 1599 miror
912 1535 1021 1618 inquit
1050 1534 1167 1599 diosa

166 1619 375 1704 aliquanto
398 1622 488 1684 sunt
510 1619 726 1704 longiores.

117 1707 155 1770 17
252 1704 369 1768 Relata
390 1704 431 1769 ad
452 1726 486 1768 se
504 1704 728 1789 magnitudine
744 1703 827 1768 aeris
842 1703 941 1768 alieni
955 1725 1053 1788 quam
1069 1704 1134 1788 qui·

167 1790 240 1854 dam
269 1810 364 1873 eques
385 1788 552 1854 Romanus
580 1789 655 1853 dum
682 1790 765 1854 uixit
790 1789 997 1854 excedentem
1019 1789 1134 1854 ducen-

166 1874 227 1938 ties
259 1873 437 1957 celauerat,
472 1873 623 1938 culcitam
656 1874 718 1939 emi
752 1874 967 1939 cubicularem
999 1875 1035 1938 in
1069 1874 1133 1938 eius

167 1958 315 2024 auctione
344 1959 405 2024 sibi
434 1959 528 2023 iussit
550 1961 583 2023 61
604 1962 813 2043 praeceptum
834 1959 1028 2023 mirantibus
1050 1958 1134 2023 hanc
1147 1979 1170 2019 0

165 2044 324 2109 rationem
339 2043 477 2108 reddidit
496 2044 679 2108 habenda
702 2044 829 2108 estad
852 2065 1030 2108 somnum
1054 2044 1135 2108 cnl-

167 2130 247 2227 0110
269 2130 309 2193 10
331 2151 405 2227 qua
426 2128 513 2213 ille,
545 2151 627 2193 cum
649 2132 808 2193 tantum
836 2128 1017 2212 deberet,
1048 2128 1134 2193 dor-

117 2218 692 2394 lbmlr'llliirilelsltlintermittendus
722 2319 826 2362 sermo
854 2299 922 2363 eius
948 2298 1135 2382 0060100-

15 2385 274 2474 Wtoms
301 2382 417 2446 honori·
438 2381 534 2446 dedit.
578 2383 669 2447 uenit
695 2382 780 2447 forte
807 2385 843 2447 in
864 2383 993 2447 domum
1014 2384 1051 2448 in
1073 2404 1173 2468 quaes

28 2476 31 2483 “
166 2466 245 2531 Cato
277 2467 493 2530 habitauerat.
549 2467 624 2531 dein
658 2465 817 2532 Strabone
850 2469 885 2532 in
918 2467 1137 2534 adulationem

168 2550 314 2615 Caesaris
336 2550 419 2615 male
442 2550 647 2619 existimante
669 2553 708 2615 de
730 2553 912 2636 peruicacia
934 2551 1067 2618 Catonis
1091 2553 1137 2617 ait

165 2635 346 2721 quisquis
374 2639 626 2720 praesentem
655 2641 803 2702 statum
826 2638 1012 2702 ciuitatis
1035 2659 1137 2703 com-

165 2721 311 2784 mutari
339 2742 416 2785 non
443 2720 553 2785 uolet
575 2724 613 2786 et
635 2723 737 2786 ciuis
766 2726 804 2787 et
831 2723 893 2787 uir
914 2723 1041 2787 bonus
1066 2726 1136 2788 est.

166 2803 245 2868 satis
273 2806 355 2870 serio
384 2809 417 2881 et
439 2805 594 2872 Catonem
616 2806 761 2870 laudauit
783 2812 816 2872 et
837 2808 915 2892 sibi,
943 2809 1059 2892 nequis
1082 2808 1137 2873 ad·
1151 2834 1177 2873 ao

166 2887 304 2954 sectaret
326 2911 376 2954 res
398 2911 518 2955 nouare
541 2892 710 2955 consuluit.

118 2971 157 3034 19
253 2973 344 3040 Soleo
371 2975 407 3040 in
434 2975 583 3061 Augusto
610 2977 714 3061 magis
748 2976 859 3041 mirari
892 2998 970 3062 quos
1002 2977 1139 3063 pertulit

165 3058 251 3122 iocos
278 3082 374 3143 quam
400 3061 469 3143 ipse
491 3082 570 3145 quos
592 3062 741 3145 protulit⁷
772 3064 846 3147 quia
873 3063 976 3127 maior
1004 3065 1054 3128 est
1081 3084 1138 3148 pa-

235 3301 377 3364 3t1r1qP
444 3300 585 3364 edcrlP
641 3302 722 3370 qu
788 3296 1035 3369 9n1'1qu1dom.F
1104 3306 1138 3355 13

168 3365 295 3416 60010101
310 3367 335 3415 Β
398 3367 521 3433 podagro
539 3361 573 3416 B'
643 3364 915 3437 1sglonebatur13'
986 3369 1142 3422 1300161161

167 3448 214 3483 om.
231 3426 265 3481 B'
351 3437 383 3486 22
403 3440 560 3487 tantantum
578 3431 611 3486 B‘
692 3441 725 3490 29
748 3440 825 3489 crues
838 3432 872 3490 B'
908 3476 911 3483 -
941 3441 975 3490 30
993 3439 1051 3491 lero
1069 3430 1102 3488 B‘

163 3499 314 3554 affectaret
328 3503 357 3553 B
426 3505 458 3554 31
477 3519 550 3555 0000
568 3497 602 3554 B'
673 3509 705 3559 32
725 3522 836 3558 amirari
853 3499 885 3557 B'
