2362 3878
443 192 533 257 vnn,
556 185 650 237 9-21
968 177 1031 243 431

62 344 185 428 reliqua
217 366 293 428 pars
326 344 425 408 debiti
457 345 521 409 mei
554 345 593 408 de
621 365 659 408 eo
686 347 737 409 est
770 366 825 409 cur
856 347 1031 430 cerebrum,

63 451 135 494 cum
157 451 287 493 sensnm
308 450 376 493 non
397 428 531 512 habeat,
561 450 673 494 sensns
701 429 869 513 gubernet.
915 432 971 496 sed
993 432 1032 495 de

61 512 122 577 hoc
144 535 268 597 quoquc
283 513 450 597 temptabo
464 513 492 577 si
507 517 619 598 potero
635 535 703 577 esse
718 514 881 579 soluendo.
919 537 1031 581 sensus
1042 516 1082 580 16

61 598 100 662 de
130 598 245 682 quibus
278 598 453 683 loquimur,
483 599 560 683 quin
583 620 623 661 ue
658 600 748 662 sunt:
785 598 875 672 uisus
904 599 1031 666 auditus

35 683 212 746 sodoratus
235 685 348 767 gustus
371 685 404 746 et
423 686 540 747 tactus.
600 683 607 695 '
632 685 688 746 ant
711 684 854 767 corporei
876 687 954 748 sunt
975 688 1032 749 aut

63 767 149 831 circa
176 788 290 851 corpus
318 766 455 851 solisque
478 771 555 832 sunt
577 767 704 831 caducis
727 768 911 851 corporibus
937 768 1031 833 fami-

60 851 167 915 liares.
204 851 287 914 nulli
302 852 389 915 enim
410 851 520 917 diuino
535 852 660 936 corpori
682 873 794 916 sensus
808 853 906 936 inest,
923 854 1032 918 anima

61 957 138 1000 uero
159 937 248 1000 omni
270 958 411 1021 corpore,
434 938 487 1001 nel
509 937 537 1000 si
558 937 704 1001 diuinum
723 937 775 1021 sit,
798 937 869 1021 ipsa
891 938 1032 1002 diuinior

62 1025 120 1084 est.
167 1042 244 1105 ergo
266 1022 294 1085 si
323 1021 466 1105 dignitas
494 1020 677 1086 diuinorum
705 1043 873 1105 corporum
901 1044 1031 1086 sensum

22 1128 47 1166 10
61 1105 253 1190 dedignatur
274 1106 366 1189 quasi
389 1109 501 1190 aptum
524 1105 662 1190 caducis²
679 1105 780 1170 multo
795 1107 900 1191 magis
923 1107 1031 1171 anima

59 1191 189 1255 maioris
212 1193 262 1255 est
282 1191 461 1256 maiestatis
483 1213 579 1275 quam
601 1195 638 1255 ut
659 1212 756 1255 sensu
778 1195 882 1276 egeat.
920 1196 957 1256 ut
978 1191 1081 1256 au-ll

59 1279 126 1339 tem
148 1274 243 1339 homo
267 1278 393 1340 constet
415 1279 449 1340 et
470 1279 581 1340 uiuum
603 1275 722 1340 animal
745 1275 788 1339 sit
810 1276 918 1339 anima
940 1298 1030 1360 prae·
1131 1294 1138 1307 ·

60 1362 142 1442 stat,
166 1382 246 1443 quae
270 1382 384 1444 corpus
406 1361 589 1425 inluminat.
627 1382 722 1445 porro
744 1361 918 1424 inluminat
937 1360 1030 1425 inha-

59 1445 192 1507 bitando
215 1447 248 1508 et
269 1443 429 1510 habitatio
452 1446 518 1510 eius
541 1446 576 1510 in
601 1447 731 1510 cerebro
753 1449 811 1510 est.
853 1444 1030 1529 sphaeralis

21 1529 147 1591 15enl111
174 1532 292 1592 natura
318 1532 351 1592 et
378 1530 418 1593 ad
444 1552 504 1594 nos
531 1531 665 1595 ueniens
693 1531 732 1595 dc
755 1531 820 1594 alto
847 1533 974 1614 partem
994 1531 1031 1595 in

58 1613 189 1676 homine
212 1616 244 1677 et
266 1613 365 1676 altam
388 1617 421 1679 et
442 1615 643 1699 sphaerulam
661 1616 769 1680 tenuit
783 1618 816 1679 et
830 1637 911 1700 quae
934 1637 1030 1680 sensu

60 1700 183 1781 careat,
213 1698 267 1781 qui
295 1720 362 1762 non
391 1703 440 1763 est
468 1700 594 1764 animae
616 1698 826 1765 necessarius.
877 1700 933 1763 sed
954 1703 1029 1784 quia
1041 1699 1080 1764 18

58 1783 257 1847 necessarius
285 1783 419 1847 animali
445 1787 509 1865 est,
539 1785 626 1849 locat
658 1784 693 1848 in
728 1783 874 1848 cauernis
908 1784 1029 1847 cerebri

59 1867 292 1949 spiramentum
328 1868 367 1931 de
401 1869 566 1933 effectibus
602 1868 683 1933 suis:
718 1868 806 1931 cuius
840 1867 1030 1951 spiramenti

20 1974 46 2013 20
59 1954 176 2014 natura
202 1950 283 2015 haec
312 1955 362 2015 est
388 1956 426 2017 ut
453 1974 566 2016 sensus
589 1956 622 2017 et
642 1953 773 2037 ingerat
800 1955 833 2015 et
856 1952 1027 2035 gubernet.

60 2036 97 2099 de
127 2035 178 2098 his
207 2057 283 2120 ergo
318 2037 464 2100 cauernis
492 2058 572 2122 quas
598 2039 730 2100 uentres
764 2034 886 2100 cerebri
918 2039 1029 2100 nostra
1040 2038 1080 2102 19

58 2121 188 2184 uocauit
211 2120 387 2203 antiquitas
402 2124 580 2185 nascuntur
601 2142 773 2185 neruorum
788 2123 910 2203 septem
933 2124 994 2200 συζ
1017 2159 1029 2169 -

58 2208 139 2286 pict.
166 2205 216 2268 cui
238 2206 284 2268 rei
307 2227 426 2269 nomen
441 2206 525 2290 quod
546 2206 615 2290 ipse
638 2206 727 2274 uoles
742 2205 895 2269 Latinum
915 2204 1027 2270 facito,

58 2312 117 2353 nos
146 2290 232 2354 enim
267 2293 430 2373 συζυγίαν
463 2312 637 2355 neruorum
668 2309 820 2354 uocamus
855 2311 926 2355 cum
959 2289 1029 2353 bini

20 2398 45 2438 25
58 2375 150 2439 nerui
172 2374 295 2458 pariter
317 2379 487 2461 emergunt
501 2378 533 2440 et
549 2376 585 2440 in
599 2376 706 2440 locum
720 2377 842 2439 certum
864 2374 1026 2438 desinunt.

58 2464 181 2543 septem
211 2483 288 2546 ergo
316 2482 489 2548 neruorum
516 2462 670 2543 συζυγίαι
699 2460 738 2525 de
767 2459 889 2524 cerebri
914 2459 1080 2524 uentre20

57 2548 228 2608 nascentes
262 2545 366 2610 uicem
398 2546 537 2630 implent
568 2545 765 2628 fistularum,
795 2544 1029 2628 spiramentum

59 2629 242 2692 sensificum
264 2630 303 2693 ad
326 2653 384 2702 sua
406 2653 550 2716 quaeque
572 2630 643 2695 loca
664 2628 807 2694 naturali
823 2628 895 2714 lege
911 2628 1027 2693 ducen·
1112 2696 1120 2711 .

57 2716 107 2774 tes
129 2716 166 2775 ut
187 2734 316 2777 sensum
338 2715 454 2780 uicinis
477 2720 510 2780 et
530 2715 628 2800 longe
649 2714 763 2799 positis
785 2713 937 2778 membris
960 2713 1028 2777 ani-

20 2820 45 2860 ao
58 2796 151 2860 malis
180 2797 387 2875 infundant„
421 2801 527 2883 prima
559 2800 661 2884 igitur
683 2801 824 2881 συζυγία
856 2820 1028 2862 neruorum
1036 2799 1077 2863 21

58 2881 171 2944 talium
196 2881 280 2965 petit
301 2883 409 2946 oculos
437 2888 470 2948 et
498 2883 554 2947 dat
586 2883 651 2947 illis
674 2883 881 2968 agnitionem
908 2883 1026 2967 specie-

57 2988 130 3028 rum
163 2969 195 3029 et
227 2965 454 3032 discretionem
488 2967 645 3051 colorum,
685 2968 825 3032 secunda
862 2967 899 3031 in
934 2988 1027 3032 aures

58 3050 256 3134 diffunditur,
273 3073 331 3135 per
352 3073 449 3136 quam
472 3052 517 3117 eis
537 3052 719 3117 innascitur
731 3051 849 3117 notitia
864 3072 1025 3136 sonorum,

127 3293 157 3340 11
176 3291 337 3357 magestatis
350 3293 376 3341 P
431 3294 463 3342 12
481 3290 586 3356 uiuum]
605 3307 689 3342 unum
707 3293 733 3341 P
782 3292 814 3342 13
832 3290 870 3340 bis
887 3289 1027 3340 illuminat

58 3358 82 3406 P
133 3360 165 3408 14
183 3359 299 3424 sperahs
312 3360 338 3408 P
422 3360 454 3410 15
472 3375 545 3410 enim
564 3377 611 3413 om.
630 3363 656 3410 P
728 3361 760 3409 16
779 3358 927 3424 speraleP
994 3359 1026 3406 17

59 3424 104 3473 scd
128 3441 191 3489 quia
214 3427 451 3479 necessariaiam.
470 3428 496 3476 P
579 3427 707 3478 aeetae
727 3424 865 3478 (ΥΖΙΓΙΛΙ
884 3426 910 3474 Ρ
993 3425 1027 3474 24

60 3489 214 3546 ΕΥΖΙΠΛΝ
233 3496 258 3545 Ρ
325 3497 477 3560 11οε1432,
496 3497 512 3548 8
532 3492 662 3548 (ΥΖΙΓΙΑ
680 3497 707 3545 Ρ
