2362 3878
102 118 105 125 '
123 151 185 216 134

70 321 247 406 24tempus
276 322 309 384 et
336 319 481 398 dominos
508 318 574 383 iarn
599 339 726 384 uooare.
770 322 842 384 tum
864 319 1094 386 Praetextatus

122 403 351 471 ‘reseruandos
373 404 475 489 igitur
497 406 545 468 est
558 402 723 488 Vergilius
744 406 855 468 noster
872 405 914 469 ad
928 405 1095 470 meliorem

15 566 20 575 ,
121 493 247 575 partem
269 489 347 572 diei,
376 493 414 554 ut
439 510 535 553 mane
561 509 683 553 nouum
707 484 909 572 inspiciendo
931 512 990 574 per
1011 491 1095 555 ordi·

121 597 196 640 nem
224 574 359 639 carmini
377 574 593 639 destinemus.
637 595 726 638 nuno
752 572 832 638 hora
857 595 918 640 nos
941 575 1096 641 admonet

121 664 158 725 ut
179 660 300 724 honore
322 662 431 724 uestro
452 658 533 723 haee
554 658 667 723 mensa
691 658 853 744 dignetur.
898 661 954 724 sed
976 659 1094 726 Eusta·
1119 679 1137 719 ε

120 745 208 810 thius
230 748 264 809 et
285 747 359 828 post
380 743 467 809 huno
481 742 699 808 Nicomachus
720 744 930 809 meminerint
951 744 1095 811 crastina

3 830 7 839 '
69 830 114 897 25
122 829 347 895 dissertatione
370 829 492 894 seruari
513 828 576 893 sibi
596 827 704 892 antelo
726 828 772 892 uii
791 829 1024 895 functionem’.
1064 835 1095 895 et

122 914 295 979 Flauianus
323 924 381 978 ‘ex
402 913 524 998 placita
546 913 613 978 iam
632 934 691 977 uos
706 850 786 998 dege
809 914 970 979 conuenio
988 917 1025 978 ut
1048 937 1094 979 se-

122 1000 235 1084 quenti
262 999 312 1063 die
333 999 472 1064 Penates
494 999 558 1062 mei
580 997 670 1062 beari
692 1019 726 1062 se
747 999 834 1063 tanti
856 1002 964 1064 ooetus
987 999 1094 1085 hospi·

121 1085 168 1149 tio
190 1084 397 1170 glorientur'.
442 1083 493 1147 his
521 1104 593 1148 oum
614 1104 725 1148 omnes
747 1083 875 1148 adsensi
898 1088 1024 1168 essent,
1054 1085 1094 1149 ad
1111 1100 1137 1140 10

123 1191 236 1234 cenam
264 1169 327 1234 ah'o
355 1169 442 1234 aliud
469 1168 508 1232 de
536 1167 587 1232 his
616 1190 697 1253 quae
724 1168 811 1233 inter
833 1190 867 1234 se
890 1169 1094 1235 contulerant

122 1255 349 1320 reminiscente
382 1253 645 1339 adprobanteque
676 1275 748 1318 oum
774 1275 895 1339 magna
924 1255 1093 1321 alacritate

123 1339 223 1403 animi
246 1341 483 1403 concesserunt

190 1528 352 1596 ‘rurrgrlrus
366 1528 392 1578 B
468 1531 486 1579 4
503 1543 576 1579 nune
594 1553 628 1564 -·
646 1530 662 1579 5
680 1527 809 1593 dignetur
826 1543 874 1581 om.
892 1529 918 1577 P
990 1530 1006 1579 5
1024 1528 1092 1580 haee

122 1597 170 1647 oP:
189 1597 212 1649 Is
228 1597 255 1646 B
323 1601 339 1648 6
358 1595 555 1651 mehomeohus
568 1595 609 1646 B:
632 1594 798 1646 simmachus
811 1596 836 1645 P
852 1594 911 1661 (aed
928 1595 977 1647 Iun
995 1599 1022 1647 in
1039 1611 1092 1648 rae.

20 1683 24 1687 ·
122 1665 310 1729 olitterorum)
388 1663 533 1730 9pendres
546 1655 580 1713 B'
647 1662 744 1713 bearis
763 1663 846 1714 &anti
864 1656 897 1712 Η
987 1667 1018 1716 13
1033 1672 1094 1728 poet

121 1733 315 1801 concesserunt
340 1734 402 1787 add.
420 1731 595 1784 EXPLICIT
621 1731 735 1782 LIBER
759 1732 802 1782 ·I·
822 1730 1091 1797 SATVRINALIOR

124 1812 388 1890 ·1N01P1rsc‘u's·
415 1835 452 1898 P,
480 1835 541 1887 nitu
566 1832 735 1896 subscriptum
757 1836 805 1884 sed
830 1835 946 1900 sequitur
971 1832 1018 1885 hro
1043 1833 1090 1884 ubr

8 1922 18 1949 ·.
107 1902 260 1953 -modestus
272 1905 298 1954 in
316 1904 343 1954 B
