2362 3878
424 216 472 281 vr,
488 209 532 262 21.
555 214 623 281 vn,
639 207 730 258 1-11
999 197 1063 263 423

95 370 254 434 ueteribus
278 368 364 434 calor
378 367 548 431 mulierum
569 365 751 431 habebatur
767 366 964 452 incognitus.
1002 389 1063 432 nec

95 453 154 520 hoc
185 455 299 519 tacebo
331 453 431 538 quod,
467 473 539 517 cum
572 452 660 517 calor
687 473 814 534 semper
842 451 1063 536 generationis

95 561 190 603 causa
218 541 278 620 sit,
305 538 446 602 feminae
472 537 544 600 ideo
573 536 706 600 celerius
733 557 830 619 quam
862 537 954 619 pueri
980 537 1064 601 fiunt

93 623 227 688 idoneae
250 624 290 687 ad
313 621 534 708 generandum
562 621 637 705 quia
660 620 767 685 calent
794 621 942 705 amplius.
985 644 1064 686 nam

67 711 128 771 aet
163 709 337 772 secundum
372 709 443 770 iura
479 705 610 789 publica
646 705 850 770 duodecimus
887 726 992 769 annus
1027 707 1064 770 in

93 793 216 856 femina
242 795 275 857 et
304 794 437 876 quartus
465 791 606 855 decimus
628 791 664 854 in
692 811 791 873 puero
813 790 927 854 definit
948 790 1062 874 puber-

94 877 172 940 tatis
196 881 344 940 aetatem.
379 877 455 961 quid
477 875 595 959 plura?
616 896 725 939 nonne
746 875 892 940 uidemus
914 874 1098 940 mulieresl

94 961 223 1045 quando
249 962 384 1025 nimium
411 961 516 1045 frigus
544 963 610 1041 est,
638 960 791 1024 mediocri
819 963 909 1024 ueste
932 966 1063 1024 conten-

92 1049 143 1110 tas
171 1067 231 1110 nec
258 1047 306 1110 ita
333 1046 540 1130 operimentis
570 1044 716 1128 plurimis
743 1046 906 1109 inuolutas
934 1047 971 1108 ut
1000 1045 1064 1108 uiri

54 1149 80 1188 10
93 1131 198 1194 solent
219 1131 341 1195 scilicet
362 1130 504 1195 naturali
527 1130 632 1194 calore
648 1133 761 1194 contra
781 1129 886 1214 frigus
901 1130 986 1214 quod
1008 1150 1064 1194 aer

92 1215 214 1300 ingerit
235 1219 439 1300 repugnante
446 1215 474 1278 ‘i'
749 1220 751 1224 ’

178 1300 230 1364 Ad
265 1300 347 1364 haee
381 1300 533 1365 renidens
566 1298 776 1384 Symmachus
813 1299 919 1363 ‘bene'
956 1298 1098 1382 inquit8

94 1384 212 1447 ‘Horus
233 1388 343 1449 noster
363 1388 504 1468 temptat
525 1385 627 1448 uideri
649 1387 757 1449 orator
785 1406 825 1448 ex
847 1382 984 1468 (lynic0‚
1008 1384 1064 1468 qui

93 1469 128 1531 in
156 1470 352 1532 contrarium
373 1471 473 1550 uertit
493 1491 606 1534 sensus
628 1470 744 1553 quibus
770 1471 878 1553 potest
898 1468 1064 1532 muliebris

55 1570 80 1609 15
94 1554 249 1650 corporis
268 1553 373 1636 frigus
407 1554 547 1651 probari.
602 1576 681 1651 nam
712 1555 797 1638 quod
827 1554 902 1637 pilis
936 1556 974 1618 ut
1000 1552 1064 1650 uiri

92 1659 158 1805 33?
174 1638 390 1806 ltltlt’,
408 1659 520 1787 ¹335?
534 1637 744 1787 dtuli
766 1638 1064 1818 astitisti

92 1811 243 1870 naturam
265 1807 374 1870 nullus
395 1809 566 1891 negauerit
591 1807 794 1891 frigidiorem
820 1807 916 1889 uiris,
946 1806 1002 1869 sed
1031 1808 1064 1869 et

91 1892 282 1988 incorpore
303 1890 446 1988 humano
472 1890 549 1955 illae
580 1895 689 1987 partes
715 1890 854 1953 maxime
880 1890 1064 1986 uestiuntur

54 1974 936 2144 ²⁰lllld'llllatlttllhglsst&litati
951 1975 1063 2122 ab:

92 2147 182 2206 tatur
220 2144 307 2207 enim
340 2143 485 2228 algorem
509 2143 675 2227 densitas,
709 2143 826 2207 leuitas
858 2142 1061 2207 densitatem.

92 2229 177 2311 quod
203 2250 280 2293 uero
308 2250 403 2311 saepe
431 2231 628 2313 purgantur,
656 2249 724 2292 non
750 2227 845 2291 multi
873 2226 926 2291 sed
955 2227 1100 2292 uitiosi9

92 2312 234 2377 humoris
255 2313 411 2377 indicium
438 2318 497 2378 est.
539 2314 739 2398 indigestum
759 2315 809 2376 est
830 2311 917 2376 enim
939 2314 972 2375 et
994 2333 1063 2376 cru-

53 2415 79 2452 25
92 2399 167 2461 dum
200 2399 284 2483 quod
311 2399 454 2483 egeritur
481 2400 514 2462 et
546 2399 637 2482 quasi
669 2397 834 2460 infirmum
866 2395 970 2460 effluit
1002 2418 1063 2461 nec

92 2483 190 2547 habet
213 2484 320 2548 sedem
342 2484 398 2547 sed
420 2486 537 2546 natura
559 2484 651 2566 quasi
672 2482 804 2546 noxium
826 2485 860 2546 et
880 2481 984 2566 magis
1005 2480 1061 2544 fri-

92 2567 204 2650 gidum
226 2568 367 2651 pellitur.
411 2568 496 2653 quod
517 2568 657 2630 maxime
679 2567 834 2650 probatur
855 2566 930 2650 quia
950 2565 1062 2630 mulie-

92 2651 180 2713 ribus
210 2673 282 2716 cum
304 2656 487 2736 purgantur
516 2653 614 2717 etiam
642 2653 751 2736 algere
774 2651 952 2736 contingit,
976 2651 1062 2714 unde

92 2734 294 2818 intellegitur
307 2737 463 2821 frigidum
478 2759 548 2802 esse
569 2737 654 2835 quod
676 2736 781 2834 effluit
796 2739 832 2834 et
842 2737 915 2800 ideo
928 2736 965 2833 in
986 2735 1062 2800 uiuo

53 2835 80 2875 ³⁰
93 2821 851 2999 {ltltthtttssuuttldttltt
862 2823 1063 2989 sirm
1073 2903 1115 2968 10

94 2987 208 3051 caloris
232 2991 303 3051 erat
325 2989 380 3052 sed
401 2990 533 3074 pinguis
556 2991 664 3055 cernis
686 2994 719 3054 et
741 2990 811 3055 oleo
840 2988 954 3054 similis
977 2989 1063 3074 quod

92 3093 159 3136 non
187 3072 223 3136 in
252 3071 317 3136 illis
345 3074 550 3159 contingeret
575 3097 615 3139 ex
636 3075 751 3140 calore.
802 3074 887 3160 quod
914 3075 980 3139 cito
1009 3073 1062 3137 ad·
1074 3073 1112 3135 11

92 3161 266 3221 monentur
301 3159 537 3241 generationis,
579 3180 647 3223 non
673 3159 768 3224 nimii
790 3159 905 3224 caloris
928 3159 984 3223 sed
1005 3180 1062 3222 na-

53 3257 80 3297 3⁵
92 3244 184 3306 turae
206 3242 391 3306 infirmioris
418 3246 468 3307 est
493 3248 530 3306 ut
551 3243 648 3307 exilia
677 3265 773 3327 poma
799 3244 933 3308 celerius
958 3246 1063 3306 matu-

161 3513 372 3569 3celer1usom.
392 3518 417 3566 P
495 3517 528 3566 12
546 3513 689 3566 simachus
702 3518 728 3567 P
794 3519 830 3567 'hb
847 3505 962 3566 laneP'
