2362 3878
163 183 226 250 592
258 142 262 151 ’
579 195 676 241 nicar
698 194 725 241 11
830 262 834 267 ι

116 437 156 503 19
165 348 426 499 peptentiiotnalis
442 345 939 496 efflremitastgnhabffllffessgl’
955 368 1036 497 pppr
1044 349 1142 497 mulito

181 456 274 498 amen
297 455 331 497 es
368 453 452 497 ano
474 454 502 496 is
524 453 611 496 renio
649 480 656 495 .
722 454 744 496 u
936 454 961 497 n
1036 455 1078 499 ae
1114 457 1142 499 a·

45 592 48 597 ,
165 518 332 583 bitationis
361 517 485 582 cardini
514 537 610 580 causa
637 453 722 580 liceil
746 516 885 580 alterurn
906 538 1034 583 nomen
1057 519 1142 584 dedit

164 607 201 668 ut
222 603 410 668 meridies
431 623 499 666 non
521 600 714 665 australis
736 604 907 665 uocaretur
930 603 1010 685 quia
1035 607 1069 668 et
1091 604 1142 668 ille

165 690 214 753 est
235 688 363 772 proprie
386 685 577 751 australis
599 685 654 769 qui
672 686 712 749 de
727 685 829 750 altera
845 687 1059 753 extremitate
1075 706 1159 787 pros

165 773 281 838 cedens
297 772 448 836 aduersus
463 769 708 853 septentrionali
722 772 771 835 est
786 772 818 834 et
832 770 919 834 hunc
934 773 1142 839 meridiem

164 858 233 922 iure
255 856 392 921 uocitari
412 855 494 920 facit
515 854 619 936 locus,
643 854 682 918 de
704 875 766 939 quo
788 854 906 939 incipit
926 856 1046 939 nobis,
1070 881 1141 923 nam

186 942 240 1090 tl
255 939 517 1108 restittit
535 938 680 1108 still
699 939 1141 1092 trititiqltffiitt

114 1110 275 1178 achaeia
311 1110 496 1174 meridies
532 1111 738 1192 nuncupatus
775 1110 833 1172 est.
884 1108 1060 1176 sciendum
1096 1116 1166 1178 esti

165 1198 274 1259 autem
301 1194 385 1279 quod
412 1195 527 1258 uentus
554 1193 610 1277 qui
635 1214 694 1276 per
714 1191 801 1257 hunc
822 1192 863 1256 ad
884 1214 945 1257 nos
975 1196 1141 1262 cardinem

164 1279 314 1363 peruenit
334 1279 368 1343 id
390 1281 439 1342 est
461 1280 570 1342 auster
590 1278 637 1342 ita
658 1277 693 1341 in
715 1277 763 1342 ori
790 1277 796 1290 '
824 1298 919 1341 esua
941 1279 1074 1362 gelidus
1096 1284 1141 1346 est

165 1366 202 1427 ut
223 1364 308 1447 apud
330 1384 390 1427 nos
406 1360 668 1426 commendabilis
691 1364 740 1426 est
754 1362 775 1426 b
788 1361 872 1426 ando
887 1363 998 1446 rigore
1015 1386 1051 1430 se
1074 1369 1141 1431 ten·

164 1446 243 1529 trio,
272 1446 328 1510 sed
354 1445 429 1528 quia
450 1466 508 1528 per
529 1445 693 1510 flammam
718 1445 859 1510 torridae
885 1467 989 1512 zonae
1019 1471 1041 1513 a
1085 1472 1141 1515 nos

167 1533 338 1607 commeat,
367 1530 527 1594 admixtus
549 1529 620 1615 igni
647 1530 778 1596 calescit
805 1533 838 1595 et
864 1530 920 1615 qui
942 1532 1067 1618 incipit
1088 1535 1167 1600 fri-u

114 1619 155 1684 21
166 1614 259 1699 gidus
289 1613 409 1679 calidus
438 1615 597 1698 peruenit.
641 1637 745 1699 neque
773 1615 860 1680 enim
886 1616 939 1680 uel
971 1619 1063 1683 ratio
1093 1620 1142 1684 uel

165 1702 283 1763 natura
310 1702 476 1782 pateretur
502 1703 540 1764 ut
562 1721 601 1764 ex
622 1699 744 1765 duobus
766 1721 867 1784 aequo
888 1702 1012 1784 pressis
1035 1704 1141 1790 rigore

167 1783 350 1848 cardinibus
378 1783 525 1849 dissimili
550 1786 641 1849 tactu
668 1784 762 1848 flatus
795 1785 1036 1852 emitterentur.
1083 1810 1141 1854 nec

165 1868 296 1933 dubium
324 1872 373 1933 est
401 1871 548 1933 nostrum
575 1890 699 1954 quoque
726 1869 981 1953 septentrionem
1006 1872 1049 1937 ad
1070 1874 1141 1938 illos

165 1953 218 2101 poi
242 1953 547 2050 australiadiacent
568 1956 700 2037 propter
721 1953 856 2051 eandem
877 1954 1044 2022 rationein
1066 1958 1167 2023 cali-¹·

114 2125 156 2189 22
166 2039 1141 2208 1111111131311111ῗο13111111111113

164 2207 324 2291 permittit
339 2207 424 2272 anibi
450 2229 502 2273 ere
519 2209 598 2292 quin
618 2207 780 2292 perillam
795 2228 919 2292 quoque
934 2211 1141 2292 superficiem

164 2295 271 2361 terrae
292 2314 374 2377 quae
397 2315 415 2357 a
458 2314 518 2358 nos
539 2292 677 2357 habetur
691 2292 825 2357 inferior
838 2293 968 2377 integer
982 2316 1142 2361 zonarum

165 2375 304 2442 ambitus
326 2399 408 2461 quae
429 2376 483 2442 hic
504 2380 701 2462 temperatae
722 2380 799 2442 sunt
818 2376 928 2442 eodem
944 2378 1049 2445 ductu
1063 2384 1167 2447 tem-¹⁵

164 2464 295 2543 paratus
322 2461 494 2542 habeatur,
529 2463 624 2545 atque
651 2462 723 2527 ideo
751 2461 818 2526 illic
849 2483 974 2546 quoque
1009 2466 1142 2532 eaedem

113 2545 244 2612 23duae
266 2567 366 2610 zonae
388 2567 408 2609 a
430 2566 464 2609 se
486 2544 644 2610 distantes
665 2546 813 2612 similiter
838 2546 1040 2615 incolantur.
1089 2554 1142 2617 aut

165 2629 253 2693 dicat
274 2629 417 2712 quisquis
438 2626 514 2692 huic
528 2629 603 2694 fidei
618 2631 748 2696 obuiare
763 2631 888 2696 mauult
902 2631 979 2715 quid
995 2634 1043 2699 sit
1057 2635 1143 2720 quod

166 2713 207 2776 ab
234 2711 297 2776 hac
324 2734 397 2776 eum
429 2712 615 2779 definitione
649 2714 818 2781 deterreat.
870 2737 949 2780 nam
981 2718 1012 2782 si
1046 2721 1143 2786 nobis

164 2797 294 2861 uiuendi
315 2797 454 2864 facultas
476 2801 526 2863 cst
545 2800 581 2863 in
602 2799 664 2865 hac
684 2803 844 2865 terrarum
864 2803 957 2884 parte
972 2822 1078 2885 quam
1094 2820 1168 2871 cott

164 2881 274 2965 limus,
312 2882 387 2966 quia
425 2884 586 2949 calcantes
622 2884 754 2949 humum
787 2885 911 2950 caelum
944 2888 1143 2972 suspicimus

165 2987 260 3049 super
281 2968 450 3051 uerticem,
480 2969 555 3053 quia
581 2969 630 3033 sol
656 2968 750 3033 nobis
773 2972 806 3034 et
826 2969 928 3034 oritur
950 2974 984 3035 et
1006 2975 1141 3059 occidit,

233 3157 247 3205 1
266 3155 520 3208 mhabitabitabilis
533 3157 559 3207 B
627 3160 643 3208 6
662 3156 886 3224 septentrionalis
900 3150 934 3208 P'
989 3161 1024 3211 10
1041 3160 1144 3215 httera

164 3226 273 3272 mutata
291 3223 316 3272 B
385 3226 416 3274 11
435 3223 491 3276 aui*
506 3241 587 3290 capra
604 3242 658 3278 ras.
676 3227 775 3291 add.p
812 3225 950 3293 ·quil⁴q.⁴B
1003 3225 1145 3282 maultB'

181 3290 312 3342 cardine
330 3293 356 3342 P
434 3295 466 3345 13
484 3298 514 3344 ut
531 3309 612 3359 cupra
628 3310 683 3348 ras.
702 3296 799 3360 add.p
869 3297 902 3345 14
920 3292 960 3344 set
977 3293 1005 3343 B
1058 3298 1144 3350 flami

164 3348 196 3406 P'
265 3361 296 3410 15
315 3359 451 3411 calensB
521 3364 552 3414 18
569 3366 662 3413 tractu
679 3361 705 3413 B
791 3364 822 3412 21
847 3367 875 3413 et
893 3360 1016 3414 austrum
1033 3371 1144 3419 euamci

163 3427 190 3475 in
208 3428 234 3477 B
319 3431 352 3480 27
371 3421 477 3480 asfeF
545 3431 578 3481 28
596 3430 709 3495 quisque
726 3431 759 3496 Ρ,
786 3429 841 3482 iii
861 3431 959 3496 addp
1030 3434 1067 3485 29
1086 3435 1143 3487 huc

160 3487 196 3545 F
247 3495 404 3548 difinitione
422 3489 455 3547 1¹
834 3522 837 3527 ·
