2362 3878
496 199 555 264 xx,
574 193 666 245 1—10
1003 188 1063 252 115

161 370 225 433 qnae
236 351 303 416 sint
317 372 401 437 quae
414 351 536 417 fuerint
550 373 632 436 quae
646 373 722 416 mox
736 356 874 420 uentura
890 360 1063 441 sequentur

122 450 190 534 quod
208 453 355 539 congruit
376 452 628 518 diuinationibus
650 475 731 538 quae
753 456 861 520 sciunt

56 556 59 561 ’
217 555 255 620 roi
270 553 303 620 τ’
320 557 420 620 roma
434 555 474 620 τά
489 553 520 620 τ’
537 556 705 640 ἐσσόμενα
720 557 788 641 πρό
802 554 834 622 τ’
851 557 961 622 ἐόντα.

184 655 241 723 sed
266 678 330 722 neo
357 656 551 722 Hercules
580 680 600 721 a
627 658 810 722 substantia
838 658 914 723 solis
941 660 1098 728 alienus6

99 744 167 824 eost,
191 743 307 828 qnippe
329 741 485 807 Heronles
508 763 546 806 ea
568 744 618 807 est
639 742 714 807 solis
736 746 880 827 potestas
902 767 983 830 quae
1005 746 1062 810 hu-

115 847 193 892 mano
211 829 325 913 generi
346 826 502 892 uirtutem
517 828 558 891 ad
573 827 816 893 similitudinem
829 832 975 977 praestat
990 831 1061 896 deo-

112 932 177 977 rnm.
216 935 278 978 neo
301 912 451 978 aestimes
472 912 630 977 Alemone
653 913 738 996 apud
760 913 828 978 The
853 936 887 978 as
910 912 1060 981 Boeotias

45 1010 48 1031 ²
110 1001 206 1094 petum
236 998 340 1063 solum
372 997 424 1062 uel
456 998 597 1081 primum
623 996 796 1096 Herculem
823 1003 1060 1085 nuncupatum:

45 1138 49 1217 a
82 1102 191 1233 llll?
210 1082 1061 1254 ttatlttlltttttutlnltillplt

105 1252 192 1319 nimia
212 1253 406 1317 fortitudine
427 1252 545 1317 meruit
567 1274 684 1317 nomen
707 1252 758 1318 dei
780 1253 933 1318 uirtutem
947 1276 1061 1339 regen-

104 1337 146 1402 tis.
190 1340 334 1403 ceterum
355 1338 433 1402 deus
447 1335 603 1402 Hercules
623 1337 772 1434 religiose
787 1338 915 1423 quidem
930 1343 963 1403 et
978 1340 1063 1424 apud
1078 1341 1096 1403 7

102 1420 200 1507 lyron
228 1422 361 1506 colitur,
392 1443 505 1487 uerum
533 1423 749 1488 secretissima
777 1427 810 1488 et
832 1425 1059 1510 augustissima

45 1590 49 1595 Ι
100 1507 248 1594 Aegyptii
277 1529 351 1572 eum
377 1507 535 1593 religione
557 1511 755 1572 uenerantur
776 1509 922 1593 ultraque
943 1532 1060 1574 merno-

74 1592 186 1677 oriam,
216 1614 299 1677 quae
326 1592 414 1678 apud
439 1591 512 1657 illos
535 1595 622 1657 retro
643 1593 833 1678 longissima
855 1598 920 1676 est,
951 1599 987 1658 ut
1009 1617 1059 1659 ca-

97 1680 215 1744 rentem
236 1677 331 1742 initio
358 1677 478 1743 colunt.
501 1678 570 1761 ipse
585 1678 724 1742 ereditur
740 1682 772 1743 et
787 1678 947 1763 Gigantas
962 1680 1060 1744 inter-
1076 1681 1095 1744 8

97 1764 204 1829 emisse
228 1785 302 1828 onm
325 1761 413 1827 eaelo
433 1764 656 1860 propugnaret
677 1763 767 1848 quasi
792 1764 895 1828 uirtus
919 1765 1059 1829 deorum.

97 1848 251 1935 Gigantas
267 1850 376 1913 autem
389 1847 466 1932 and
481 1847 566 1911 aliud
582 1847 681 1912 fuisse
697 1848 889 1913 eredendum
904 1858 952 1913 est
963 1871 1060 1933 quam

94 1932 257 1999 hominum
284 1932 449 2017 quandem
474 1932 607 2016 impiam
633 1936 764 2018 gentem
786 1933 861 1997 deos
882 1937 1060 2018 negantem

69 2019 215 2083 retineo
239 2018 445 2082 aestimatam
466 2016 541 2082 deos
587 2017 682 2081 ellere
704 2018 743 2081 de
767 2017 897 2082 caelesti
917 2017 990 2085 sede
1006 2039 1059 2081 no·

92 2101 210 2168 luisse?
246 2103 363 2167 horum
383 2102 480 2186 pedes
500 2103 536 2166 in
556 2040 731 2166 siraconum
751 2101 916 2165 uolumina
937 2101 1095 2164 desine-9

92 2187 185 2273 bant,
209 2188 295 2272 qnod
318 2186 482 2286 signifieat
502 2186 585 2252 nihil
605 2207 658 2251 eos
673 2189 797 2250 rectum
811 2184 895 2249 nihil
910 2207 1060 2269 superum

90 2274 495 2442 tffiztalllnlt?
522 2292 772 2441 {limittit
792 2274 1059 2439 llussolltteltl

65 2442 172 2508 abitas
194 2442 231 2506 ni
252 2441 400 2526 pestiferi
428 2441 542 2506 oaloris
566 2441 684 2527 exegit.
729 2444 762 2505 et
782 2462 818 2505 re
839 2462 916 2505 uera
937 2439 1059 2505 Herou—
1070 2440 1110 2502 10

89 2525 151 2592 lem
166 2525 269 2591 solem
283 2547 353 2601 esse
368 2525 420 2591 uel
435 2548 474 2591 ex
488 2527 619 2591 nomine
635 2525 745 2590 oleret.
786 2524 952 2610 ‘Horum
973 2525 1059 2590 enim

90 2612 163 2696 quid
186 2610 276 2676 alind
304 2614 354 2675 est
375 2611 439 2675 nisi
451 2608 560 2691 Ἥρας
585 2611 618 2674 id
640 2613 689 2674 est
711 2611 794 2675 aeris
816 2550 936 2686 ureogl
976 2632 1058 2694 qnae

90 2717 182 2780 porro
198 2696 264 2760 alia
279 2695 364 2761 aeris
378 2696 482 2781 gloria
497 2698 547 2760 est
561 2695 625 2760 nisi
641 2695 716 2760 solis
730 2695 952 2779 inluminatio,
969 2696 1058 2759 onius

156 2905 170 2954 1
189 2901 298 2968 Vergil.
319 2901 420 2968 Georg.
439 2901 565 2953 1111393
632 2900 747 2953 3Hom.
765 2900 798 2950 ΙΙ.
816 2899 838 2952 Α
858 2902 890 2951 70

154 3111 167 3156 l
193 3105 258 3155 sunt
280 3104 307 3153 B
385 3106 402 3154 2
424 3119 495 3169 quse
513 3120 558 3151 s*
579 3103 668 3155 lerunt
691 3102 784 3168 (prima
801 3105 849 3155 litt.
867 3104 920 3154 uid.
936 3102 1058 3165 fuisses)

91 3172 113 3222 P
178 3171 386 3224 thomarBP
400 3173 435 3235 os.
454 3174 532 3236 adp.
554 3174 598 3236 ⁶3,
617 3175 650 3221 12
737 3173 768 3221 11
787 3170 841 3236 dier
858 3170 885 3220 B
952 3170 1057 3221 uirtute

89 3250 193 3304 praeter
211 3239 228 3291 ἔ
246 3243 274 3290 in
291 3255 347 3293 roa.
366 3242 392 3290 in
408 3240 435 3290 P
510 3241 541 3290 18
559 3244 632 3289 t1ron
649 3240 675 3289 P
743 3239 889 3306 l4eg1pt1J
908 3239 934 3288 P
996 3254 1057 3289 enm

90 3312 193 3376 scripsi:
218 3324 282 3359 oum
300 3306 354 3358 BP
418 3308 451 3358 21
472 3308 610 3357 monn?
692 3307 726 3356 24
744 3307 779 3356 ab
797 3306 851 3355 hoo
868 3311 951 3370 gente
970 3321 1016 3356 om,
1035 3305 1060 3355 P

133 3378 226 3446 ppnas
241 3376 267 3426 P
334 3375 368 3426 26
384 3374 514 3427 heraclei
528 3373 579 3424 BP
645 3372 846 3425 atterere?
913 3372 967 3424 ens
981 3373 1006 3422 B

90 3444 163 3498 eleos
174 3444 216 3496 B:
246 3443 339 3494 eleros
351 3442 378 3494 P
444 3444 478 3495 28
501 3441 574 3494 aliae
599 3439 672 3493 oeni
685 3457 754 3495 corr.
772 3443 807 3501 in⁸
818 3440 875 3492 alra
894 3439 968 3490 aens
981 3438 1008 3488 B

90 3511 254 3567 rllnmmatro
272 3512 300 3561 P

876 3593 925 3663 g*
