2362 3878
405 188 568 261 xv1111,6.
591 196 651 262 xx,
669 189 743 240 1-7
990 181 1051 248 221

86 369 257 435 grosque
290 348 445 413 fructus
479 349 630 430 ferunt,
668 349 875 434 itemque
908 351 1052 418 acrifo-

82 434 193 515 lium,
231 433 382 517 pirum
415 433 661 516 siluatioum‚
699 455 881 517 prusoum
916 438 1051 503 rubum

82 521 295 601 sentesque
332 517 475 602 quibus
506 520 698 603 portenta
733 520 1051 605 prodigiaque

80 604 181 666 mala
205 602 380 666 comburi
402 603 541 668 iubere
564 606 733 687 oportet.
770 605 846 689 quid
861 605 944 689 quod
958 607 1090 672 fioum4

29 763 32 769 Ι
58 692 249 771 remquam
271 709 337 750 non
359 709 490 770 pomum
512 688 636 752 secerni
659 709 678 750 a
697 690 800 772 pomis
821 690 906 773 apud
921 689 1052 756 idoneos

81 771 303 856 repperimus?
340 773 521 838 Aruernus
547 772 582 837 in
605 771 721 837 SELLA

306 878 436 940 pomum
458 858 550 922 holus
571 858 668 921 ficum
689 879 796 922 uuam.
1131 914 1134 919 .

81 942 136 1004 sed
159 945 192 1005 et
214 942 345 1007 Croeso
363 942 623 1007 Oucouourcou
645 959 751 1007 muno
775 961 904 1009 rnsrro
927 967 1051 1029 neque

81 1027 181 1089 serit
208 1026 329 1090 uitem
356 1048 481 1111 neque
509 1049 607 1111 quae
635 1031 722 1092 sata
748 1032 809 1092 est
831 1029 1052 1114 diligenter
1176 1098 1179 1105 ,

45 1111 196 1174 woolit:
225 1112 351 1174 oleum
372 1111 476 1175 ficos
499 1133 611 1195 poma
633 1112 864 1177 nonhabet.
909 1136 970 1178 neo
991 1114 1087 1179 hoo5

79 1196 295 1280 ignorandum
323 1199 372 1260 est
398 1196 495 1261 ficum
525 1197 627 1260 solam
652 1218 691 1260 ex
714 1198 861 1261 omnibus
884 1199 1050 1264 arboribus

80 1301 147 1343 non
168 1280 291 1344 florere.
324 1281 430 1345 laete
452 1281 580 1365 proprie
602 1281 734 1345 ficorum
757 1283 882 1347 dieitur.
919 1284 1051 1368 grossi

80 1365 285 1448 appellantur
306 1365 359 1429 fici
382 1388 463 1449 quae
485 1386 552 1429 non
574 1369 806 1431 maturescunt.
852 1366 911 1432 hos
935 1367 1051 1432 Graeci

80 1449 192 1513 dieunt
218 1446 399 1525 ὀλύνθους.
445 1450 606 1515 ΜΑΤΤΙνε

42 1546 66 1586 1⁵
144 1535 179 1598 in
201 1534 331 1598 milibus
353 1538 403 1598 tot
426 1533 584 1622 [ficorum]
607 1556 673 1598 non
693 1535 844 1600 uidebitis
864 1558 1026 1622 grossum,

81 1621 112 1682 et
133 1619 230 1702 paulo
251 1623 325 1703 post
351 1620 397 1683 ait

144 1726 250 1768 sumas
275 1704 316 1768 ab
339 1704 401 1767 alio
423 1705 508 1768 laete
530 1704 657 1769 difflues
680 1725 817 1789 grossos.

80 1791 113 1851 et
134 1788 335 1853 Posrvurvs
365 1791 523 1854 Aumuvs
552 1790 694 1853 Auram
721 1807 831 1855 rsmo
859 1790 899 1854 de
925 1788 1049 1855 Bruto

80 1894 123 1937 ea
146 1895 262 1937 eausa
290 1895 376 1937 sese
403 1873 570 1938 stultum
591 1874 828 1958 brutumque
850 1873 1047 1958 faciebat,

42 1959 285 2041 rogrossulos
308 1980 352 2022 ex
374 1957 490 2022 melle
517 1959 669 2022 edebat.

166 2076 348 2141 Olearum
370 2099 490 2162 genera
505 2077 586 2141 haee
610 2079 837 2140 enumerantur
852 2077 1048 2141 Africana
1064 2079 1085 2143 6

80 2159 286 2244 albigerus
330 2161 494 2246 Aquilia
536 2161 813 2225 Alexandrina
848 2160 1050 2246 Aegyptia

81 2245 278 2309 eulminea
307 2247 512 2310 conditiua
534 2245 747 2309 Liciniana
774 2245 916 2309 orchus
944 2246 1049 2310 olea-

80 2331 162 2393 ster
193 2330 334 2414 pausis
366 2330 502 2415 paulia
533 2330 668 2395 radius
702 2329 933 2395 Sallentina
962 2329 1049 2395 Ser-

42 2413 201 2497 2⁵giana
224 2413 441 2498 Termutia‚
467 2416 551 2480 siout
577 2437 712 2479 uuarum
733 2415 797 2479 ista
825 2419 901 2479 sunt
928 2437 1049 2500 genera

80 2498 260 2582 Aminea,
285 2499 407 2564 scilicet
429 2523 447 2563 a
469 2501 617 2586 regione,
641 2522 719 2564 nam
739 2500 898 2563 Aminei
918 2501 1084 2565 fuerimti

79 2583 135 2646 ubi
156 2606 244 2648 nune
266 2583 475 2649 Falernum
499 2588 562 2668 est,
580 2585 778 2668 'asinusoa
806 2587 965 2650 etrusca
993 2585 1048 2649 al-

81 2666 240 2732 biuerus
269 2669 411 2733 albona
434 2671 580 2754 apiana
601 2670 747 2753 Apioia
767 2670 984 2733 bumamma
1005 2709 1048 2719 -

82 2753 138 2813 aut
170 2755 207 2815 ut
241 2752 356 2819 Graeci
397 2754 509 2818 dieunt
547 2753 747 2836 βούμασθος
778 2793 820 2802 -
853 2755 1048 2819 duracina

41 2835 266 2901 3⁰labrusoa
301 2838 605 2922 melampsithis
641 2838 822 2903 Maronia
853 2837 1048 2904 Mareotis

147 3027 162 3075 7
180 3025 279 3092 fragm.
292 3031 343 3079 300
360 3045 386 3094 p.
401 3030 449 3078 172
462 3027 543 3080 Ribb.
614 3029 629 3078 8
648 3026 746 3093 fragm.
760 3027 800 3080 ed.
814 3027 904 3079 Orelli
916 3030 949 3079 20
960 3044 986 3092 p.
997 3028 1048 3080 978

146 3195 248 3246 sseha
265 3197 292 3246 P
357 3199 588 3247 seoeonomrcon
607 3197 633 3245 P
711 3198 825 3262 9quoq.
846 3195 905 3246 sata
922 3197 948 3247 P
1015 3200 1047 3248 12

79 3263 147 3313 laeti
164 3266 191 3314 P
259 3268 290 3315 13
309 3280 356 3328 qur
373 3266 399 3314 P
467 3266 498 3313 14
517 3260 705 3316 ΟΛΥΝΘΕΥ(
722 3265 749 3313 Ρ
816 3266 848 3313 15
865 3263 978 3315 ficorum
997 3267 1047 3315 del.

78 3330 187 3382 Bottius
258 3333 290 3381 17
310 3347 326 3380 a
344 3331 443 3382 basilio
460 3331 486 3381 P
535 3330 642 3396 grossus
654 3333 680 3382 P
746 3333 778 3381 22
796 3336 904 3398 ogrptra
921 3334 947 3382 P
1014 3334 1047 3383 23

79 3432 221 3553 lsutppmap'a
240 3433 265 3482 P
331 3434 363 3483 26
381 3413 523 3498 Ammlnta
541 3433 566 3483 P
632 3433 665 3483 28
684 3432 775 3483 abens
792 3433 819 3482 P
885 3432 1047 3484 301001οω-

92 3518 100 3550 1
132 3518 161 3552 ra
