2362 3878
542 203 639 251 LIBRI
653 204 704 250 VII

330 361 397 422 πού
419 356 597 434 Μενέλαος
618 357 695 439 ἔην;

329 441 351 525 ἢ
374 439 437 507 οὐκ
450 438 592 526 ’Ἄργεος
614 432 675 524 ἦεν
696 437 876 524 Ἀχαιικοῦ.

134 548 184 610 tot
205 544 356 630 loquendi
378 543 502 608 semina
522 543 754 627 interrogando
777 564 838 607 con
862 543 940 607 assit
966 544 1003 606 ut
1030 565 1104 626 pru-

85 630 126 696 16
134 631 232 694 ritum
263 629 438 694 senectutis
471 628 624 712 expleret.
680 630 712 692 et
739 564 947 714 Vergifianus
974 629 1103 692 Aeneas

134 718 263 800 gratum
291 737 325 779 se
353 715 394 778 ad
421 713 529 778 omnia
556 714 714 798 praebens
741 713 895 778 Euandro
921 713 1028 777 uarias
1054 712 1129 776 illis

133 800 288 865 narrandi
310 798 494 864 occasiones
515 799 689 863 ministrat.
733 820 838 883 neque
866 799 952 863 enim
979 799 1017 862 de
1039 819 1104 862 una

135 907 170 949 re
193 889 251 950 aut
272 884 311 950 de
334 884 436 948 altera
458 883 593 968 requirit
613 884 669 947 sed

341 967 471 1054 singula
492 967 596 1032 lactus

179 1053 379 1139 exquiritque
402 1052 553 1135 auditque
575 1051 681 1114 uirum
701 1049 901 1113 monimenta
922 1051 1075 1133 priorum,

136 1158 168 1220 et
182 1154 335 1220 Euander
349 1150 637 1219 consultationibus
660 1152 771 1233 captus
788 1149 876 1212 scitis
892 1171 988 1233 quam
1002 1151 1103 1214 multa
1117 1171 1141 1208 ιο

135 1239 340 1304 narrauerit’.

82 1388 132 1454 III
217 1388 308 1452 Haec
330 1388 489 1451 dicentem
510 1385 605 1448 fauor
619 1386 762 1449 omnium
785 1386 920 1470 excepit.
958 1386 1014 1450 sed
1028 1407 1104 1449 mox

134 1471 270 1536 subiecit
295 1471 440 1535 Auienus
466 1476 535 1534 ‘uos
563 1490 674 1535 omnes
708 1471 763 1555 qui
791 1471 957 1535 doctorum
988 1471 1103 1535 doctis-

134 1555 206 1620 simi
240 1555 380 1639 adestis,
419 1554 578 1619 orauerim
609 1558 647 1618 nt
678 1555 809 1619 hortatu
845 1559 953 1620 uestro
986 1554 1103 1619 Eusta-

132 1639 219 1704 thius
247 1661 328 1723 quae
355 1640 394 1704 de
420 1642 593 1704 scommate
621 1640 718 1724 paulo
741 1643 817 1704 ante
840 1641 957 1705 dixerit
982 1642 1141 1705 anime-15

133 1727 186 1790 tur
214 1725 361 1809 aperiro'.
412 1724 623 1809 omnibusque
639 1725 679 1788 ad
700 1724 762 1790 hoc
776 1726 1027 1810 prouocantibus
1049 1725 1103 1789 ille

96 1809 298 1875 2contexuit
320 1812 460 1894 ‘practer
488 1809 675 1895 categoriam
682 1859 691 1893 ,
721 1831 802 1894 quae
829 1808 935 1892 ψόγος
969 1813 1034 1893 est,
1071 1813 1104 1874 ct

132 1898 262 1980 praeter
288 1895 469 1978 διαβολήν,
498 1915 579 1978 quae
606 1894 724 1959 delatio
752 1898 816 1979 est,
846 1898 923 1960 sunt
950 1895 1013 1959 alio
1041 1895 1103 1959 duo

134 1980 219 2065 apud
242 1978 382 2045 Graecos
404 1979 552 2064 nomina,
577 1980 731 2064 λοιδορία
754 1983 786 2044 et
807 1985 949 2064 σκῶμμα
956 2031 964 2063 ,
989 1980 1103 2063 quibus

133 2086 194 2130 nec
215 2065 373 2130 uocabula
395 2064 512 2130 Latina
533 2064 695 2149 repperio,
723 2065 787 2129 nisi
813 2066 898 2129 forte
926 2065 1013 2129 dicas
1040 2065 1103 2128 loe·
1116 2081 1141 2120 20

134 2148 257 2214 doriam
272 2149 551 2235 exprobrationem
566 2171 634 2214 esse
646 2171 685 2214 ac
695 2149 851 2215 directam
866 2147 1102 2232 contumeliam,

134 2243 286 2300 scomma
311 2234 398 2300 enim
433 2256 536 2320 paene
572 2235 707 2299 dixerim
741 2256 883 2300 morsum
918 2234 1102 2319 figuratum,

134 2320 209 2404 quia
237 2341 331 2402 saepe
358 2320 471 2384 fraude
498 2319 551 2384 uel
587 2320 772 2383 urbanitate
804 2320 926 2403 tegitur
952 2323 988 2382 ut
1016 2319 1103 2382 aliud

96 2404 240 2487 3sonet‚
265 2402 351 2467 aliud
372 2403 554 2487 intellegas,
588 2424 649 2467 nec
670 2405 781 2467 tamen
804 2424 930 2487 semper
953 2403 993 2466 ad
1016 2424 1102 2467 ama-

133 2488 307 2552 ritudinem
352 2487 437 2571 ergit
458 2487 513 2550 sed
534 2507 602 2550 non
623 2508 799 2570 numquam
826 2487 877 2551 his
898 2486 934 2550 in
955 2509 1033 2572 quos
1056 2489 1141 2552 ia-25

135 2572 217 2636 citur
239 2574 272 2635 et
293 2571 313 2633 d
348 2591 384 2635 ce
407 2574 466 2634 est.
511 2570 595 2653 quod
617 2591 719 2654 genus
740 2570 879 2635 maxime
899 2571 952 2636 uel
975 2573 1103 2656 sapiens

133 2656 186 2719 uel
209 2655 288 2720 alius
310 2655 454 2719 urbanus
475 2657 602 2718 exercet
622 2655 794 2739 praecipue
815 2657 901 2721 inter
921 2679 1048 2722 mensas
1072 2662 1104 2723 et

133 2741 264 2824 pocula,
293 2738 348 2803 ubi
380 2738 487 2804 facilis
520 2741 570 2803 est
602 2739 642 2804 ad
671 2739 872 2806 iracundiam
904 2744 1100 2825 prouocatio.

96 2824 209 2888 4nam
231 2825 315 2889 sieut
335 2824 371 2888 in
392 2823 560 2908 praecipiti
583 2828 726 2890 stantem
741 2826 794 2891 uel
815 2826 894 2891 leuis
916 2831 1022 2892 taetus
1044 2829 1101 2891 im·

134 2907 245 2993 pellit,
274 2909 321 2972 ita
347 2908 425 2973 uino
451 2909 504 2974 uel
536 2909 680 2975 infinum
711 2912 764 2975 uel
792 2933 957 2996 aspersum
983 2934 1101 2996 paruus
1115 2928 1140 2969 30

134 3014 257 3090 quoque
268 2993 362 3142 tioiir
376 2993 493 3143 iqlcitat
506 2995 543 3060 in
556 2994 709 3145 furorqem.
745 3017 830 3146 erigo¹⁵
839 2997 967 3146 astutius.
976 2997 1011 3146 iq
1028 3018 1102 3062 con·

133 3099 220 3142 u1u10
249 3099 306 3142 as
334 3099 399 3142 nen
421 3101 476 3143 um
503 3101 644 3145 scomma
705 3102 767 3165 quo
831 3103 867 3147 ec
884 3103 936 3147 am
957 3104 1044 3146 mra
1068 3104 1101 3147 se

203 3269 219 3319 8
236 3267 305 3317 Aen.
323 3267 392 3318 VIII
408 3270 457 3320 311

120 3438 235 3555 Iedoriii
253 3429 429 3558 dpesrddidg
487 3435 616 3559 2151ng
626 3439 684 3556 {P
721 3439 753 3491 18
773 3436 971 3494 (ΔΙΛΒΟΛΗΝ
992 3442 1017 3490 P
1070 3444 1101 3493 19

616 3523 625 3556 1
