2362 3878
149 188 214 252 286
571 204 668 250 araxi
689 205 713 251 v

152 358 345 442 elanguisse.
385 356 426 419 ad
449 354 665 420 criminandos
687 356 788 441 igitur
808 377 913 421 mores
936 357 1038 421 defuit
1052 358 1118 423 Ho-

152 463 239 507 mero
261 441 344 526 quod
366 439 529 523 Vergilius
553 441 669 505 adiecit

102 527 144 592 20
194 548 262 590 non
283 530 350 590 tam
371 524 564 610 praecipites
586 524 696 624 biiugo
719 526 893 590 certamine
916 548 1064 611 campum

195 610 375 695 corripuere
397 612 557 694 ruuntque
580 609 671 674 effusr
692 632 819 675 carcere
842 632 967 676 currus:

193 717 253 760 nec
275 695 321 759 sic
343 695 494 759 immissis
516 695 648 791 arnigae
669 694 826 760 undantia
848 695 917 760 lora
1143 717 1155 757 s

195 800 383 844 concussere
404 779 490 863 iugis
512 800 669 865 pronique
691 780 726 843 in
747 781 882 845 uerbera
904 781 1060 864 pendent.

194 865 230 928 ολ
249 862 280 929 δ’
305 860 350 940 ιδς
373 863 412 928 ἐν
434 864 538 928 πεδίω
561 865 737 969 τετράοροι
759 861 900 948 ἀρσενες
921 865 1036 947 ἰ’πποι,

193 948 317 1025 πάντες
338 929 595 1032 ἀφορμηθόντες
615 946 682 1013 νπδ
705 952 874 1035 πληγῇσιν
897 950 1080 1033 όμάσθλης,

193 1031 297 1113 ὑψόσ’
321 1031 513 1119 ἀειρόμενοι
536 1033 644 1118 ῥίμφα
666 1033 859 1118 πρήσσουσι
880 1035 1038 1100 κέλευθα.

99 1121 139 1184 21
152 1117 267 1184 Graius
294 1122 390 1203 poeta
418 1139 570 1202 equorum
597 1121 724 1183 tantum
750 1119 898 1184 meminit
923 1119 1025 1204 flagro
1048 1121 1115 1183 ani·
1130 1142 1155 1179 ro

150 1206 260 1269 mente
289 1203 500 1286 currentium,
530 1202 608 1267 licet
634 1203 697 1268 dici
724 1226 792 1268 non
813 1204 916 1290 possit
936 1204 1115 1289 elegantius

150 1310 247 1373 quarn
268 1289 352 1372 quod
374 1289 490 1353 adiecit
511 1283 615 1366 άψόσ’
637 1285 846 1374 ἀειρόμενοι,
875 1311 937 1374 quo
960 1289 1115 1373 expressit

99 1374 307 1457 acquantum
328 1376 446 1436 natura
469 1373 544 1437 dare
570 1375 699 1456 poterat
719 1373 876 1458 impetum
899 1396 1019 1438 currus.
1063 1395 1116 1437 ue-

150 1480 221 1522 rum
243 1457 335 1521 Maro
364 1461 396 1522 et
425 1479 534 1522 currus
563 1457 602 1522 de
631 1479 758 1524 carcere
779 1463 909 1524 ruentes
932 1462 965 1523 et
988 1480 1115 1542 campos

151 1542 352 1626 corripiendo
373 1542 566 1627 praecipites
588 1544 670 1608 mira
693 1544 856 1608 celeritate
879 1544 1059 1628 descripsit,
1084 1546 1116 1606 et
1130 1563 1157 1603 rs

151 1630 283 1710 accepto
319 1626 409 1691 breui
443 1627 564 1693 semine
597 1629 636 1692 de
668 1628 840 1693 Homerico
873 1628 977 1714 flagro
1009 1629 1116 1711 pinxit

150 1711 280 1797 aurigas
304 1713 522 1777 concutientes
543 1713 613 1777 lora
634 1714 792 1778 undantia
815 1716 847 1776 et
861 1734 979 1797 pronos
995 1714 1029 1776 in
1045 1735 1116 1776 uer-

149 1796 227 1862 bera
248 1797 442 1882 pendentes:
464 1820 525 1863 nec
546 1798 646 1864 ullam
689 1798 897 1883 uadrigarum
918 1800 1044 1881 partem
1066 1797 1114 1860 in-

149 1884 271 1946 tactam
298 1883 443 1968 reliquit,
472 1887 510 1949 ut
537 1887 621 1949 esset
648 1820 696 1949 ilii
725 1882 909 1948 certaminis
937 1883 1034 1967 plena
1063 1882 1114 1945 de-

150 1968 292 2052 scriptio.
1129 1983 1153 2022 20

98 2055 141 2120 23
352 2075 472 2140 magno
493 2052 594 2119 ueluti
617 2075 689 2118 cum
711 2053 840 2117 flamma
863 2074 976 2117 sonore

192 2138 304 2224 uirgea
327 2139 512 2225 suggeritur
535 2139 631 2202 costis
653 2138 807 2203 undantis
831 2138 919 2221 aeni,

192 2225 417 2308 exsultantque
445 2226 535 2288 aestu
560 2222 689 2305 latices,
718 2222 798 2286 furit
819 2223 908 2286 intus
931 2243 1032 2304 aquae
1053 2221 1113 2302 uis,

191 2307 331 2372 fumidus
353 2310 449 2391 atque
471 2307 535 2371 alte
557 2308 679 2452 spumis
702 2306 856 2370 exuberat
878 2306 992 2368 amnis.

191 2413 251 2456 nec
273 2392 338 2455 iam
360 2413 393 2454 se
417 2391 503 2474 capit
524 2412 568 2453 un
592 2411 626 2453 a:
648 2389 736 2453 uolat
750 2408 852 2470 uapor
867 2391 936 2450 ater
952 2387 992 2450 ad
1007 2407 1110 2450 auras.
1127 2403 1151 2443 25

192 2473 237 2551 ὠς
259 2476 296 2540 δὲ
319 2474 418 2557 λέβης
440 2479 489 2553 ζεῖ
513 2474 614 2539 ἔνδον
644 2471 859 2554 ἐπειγόμενος
887 2470 970 2552 πυρὶ
999 2474 1114 2557 πολλῷ

191 2562 292 2643 κνίσῃ
315 2559 519 2642 μελδόμενος
540 2553 792 2639 ἁπαλοτρεφέος
814 2555 944 2620 σιάλοιο

191 2644 363 2707 πάντοθεν
376 2639 583 2725 ἀμβολάδην,
596 2638 663 2705 άπδ
676 2641 714 2706 δὲ
726 2639 810 2717 ξύλα
823 2640 976 2722 κάγκανα
988 2652 1110 2706 κεῖται·

146 2766 350 2779 ..—.-‚-—.—

147 2881 171 2932 ss
200 2816 429 2935 gffinNIM
497 2812 667 2868 rouval
754 2815 785 2864 21
806 2814 872 2864 Aen.
891 2815 944 2864 VII
961 2815 1011 2865 462
1081 2817 1113 2865 ’26

216 3032 411 3089 ῚωΕΤΕΝΡ
460 3032 686 3088 ΤΕΙΡΑΟΡΟΙΡ
753 3032 945 3087 ΠΛΝΤΗΕΡ
1005 3032 1113 3087 ΛΦΟΡ-

147 3100 311 3155 ΜΗΘΕΕΡ
394 3099 796 3157 circumduc-trost?
864 3099 1114 3168 ΡΙΜλΦΛΛΠΡΗΕ-

148 3167 240 3224 (ΥΕΥ
258 3173 283 3221 Ρ
349 3172 612 3224 1aad1eutom.P
660 3168 778 3223 ΥΨΟΡ(
796 3172 821 3220 Ρ
889 3173 920 3220 13
939 3171 1113 3221 cursuchn·

147 3231 744 3360 grospssepppggff'pffsgpgpggngr
792 3234 1021 3359 ridutdgei‘m
1034 3239 1117 3357 ⁰⁰st¹i

146 3439 359 3496 ΛΠΛΛΡΦΕΟ(
383 3440 537 3496 Cimo·
556 3444 582 3493 P
656 3445 688 3495 28
707 3437 952 3506 amcoslaaned
971 3438 1049 3492 ΥΠΟ
1068 3438 1112 3492 ΔΕ

139 3509 253 3566 ΥΛΛΚΛ
261 3509 394 3567 ΤΚΛΝΛ·
412 3512 440 3562 P
