2362 3878
140 147 204 212 442
540 163 638 210 nram
660 164 711 211 vn

90 317 266 383 2lsolum
289 317 329 380 in
352 336 451 401 aqua
478 315 636 380 salubre
662 317 918 401 consumpsit.
953 316 1010 380 nix
1034 337 1114 401 ergo

141 424 222 487 quae
248 401 331 465 nihil
360 400 446 464 aliud
473 403 522 464 est
550 422 647 549 quam
681 423 763 487 aqua
790 402 826 466 in
861 423 933 465 aere
967 401 1112 484 denseta,

140 487 332 551 tenuitatem
369 486 432 569 sui,
464 507 536 550 cum
580 489 744 551 emeretur
750 537 759 570 ,
785 487 892 551 amisit
919 489 952 550 et
978 487 1051 550 ideo
1074 507 1114 550 ex

141 571 208 636 cius
230 571 389 636 resolutae
410 573 490 655 potu
512 571 637 635 diuersa
658 571 842 636 morborum
868 593 988 657 genera
1010 571 1114 636 nisce

142 658 229 720 ribus
252 656 515 721 inseminantur.'
1125 675 1137 714 5

89 758 132 823 28
225 756 449 822 ‘Nominatum
470 757 546 844 gelu
566 759 695 842 ueteris,
718 780 799 843 quae
821 780 872 823 me
895 758 1019 822 solebat
1044 759 1113 843 agi-

141 847 227 926 tare,
258 843 423 908 admonuit
450 844 647 928 quaestionis
676 865 733 908 cur
754 845 832 907 uina
860 846 915 907 aut
936 865 1112 927 numquam

142 932 199 992 aut
225 932 373 992 rarenter
400 929 631 1013 congelascant
658 928 773 992 ceteris
801 950 839 992 ex
872 949 992 1012 magna
1019 930 1113 1012 parte

141 1014 328 1077 humoribus
350 1013 516 1077 nimietate
538 1013 669 1099 frigoris
686 1013 758 1098 cogi
773 1013 901 1078 solitis?
944 1035 1021 1076 num
1037 1014 1113 1096 quia

141 1099 254 1162 uinum
269 1098 400 1162 <semina
423 1098 580 1182 quaedam
601 1099 636 1163 in
659 1120 693 1162 se
716 1097 830 1162 caloris
852 1096 952 1162 habet
966 1137 1008 1145 —
1024 1101 1056 1162 et
1071 1098 1149 1163 0b10

142 1205 214 1247 eam
235 1205 303 1247 rem
324 1183 483 1247 Homerus
506 1183 587 1246 dixit
609 1188 737 1248 αἴθοπα
759 1177 855 1248 οἶνον
877 1204 959 1266 non,
984 1186 1021 1246 ut
1043 1182 1113 1266 qui-

127 1269 216 1345 dam
237 1270 370 1352 putant,
394 1271 526 1351 propter
548 1268 685 1332 colorem
707 1305 749 1316 -
778 1290 821 1332 an
850 1268 913 1332 alia
942 1268 1113 1352 quaepiam

144 1351 334 1416 causaest?
367 1373 463 1435 quam
485 1353 559 1437 quia
581 1352 697 1436 ignoro
720 1353 802 1418 scire
825 1353 943 1437 cupio'

89 1454 133 1520 29
227 1453 279 1516 Ad
301 1453 381 1517 haec
403 1453 549 1517 Disarius
573 1457 653 1519 ‘esto
668 1454 746 1519 uina
767 1454 907 1520 naturali
923 1454 1113 1518 muniantur

144 1537 264 1621 calore,
293 1536 440 1602 oleumne
482 1538 588 1602 minus
625 1539 767 1624 ignitum
795 1544 844 1604 est
872 1543 928 1603 aut
954 1539 1113 1603 minorem
1125 1554 1150 1594 15

142 1623 209 1686 uim
235 1623 271 1686 in
299 1622 484 1707 corporibus
513 1624 742 1688 calefactandis
769 1624 891 1690 habet?
942 1627 974 1688 et
1001 1627 1113 1688 tamen

143 1706 218 1793 gelu
246 1707 427 1793 stringitur.
473 1711 557 1773 certe
590 1709 618 1773 si
650 1712 745 1793 putas
778 1731 815 1773 ea
851 1732 932 1794 quae
960 1709 1112 1773 calidiora

23 1798 40 1805 ”
143 1796 220 1857 sunt
253 1792 416 1858 difficilius
448 1792 688 1879 congelascere,
727 1816 908 1880 congruens
946 1798 1015 1858 erat
1051 1815 1112 1858 nec

143 1877 248 1942 oleum
271 1900 474 1944 concrescere
497 1881 530 1943 et
557 1900 595 1943 ea
617 1901 698 1964 quae
719 1879 890 1965 frigidiora
912 1881 988 1943 sunt
1015 1878 1111 1943 facile

142 1962 218 2111 gelu
242 1964 329 2048 cogi,
359 1968 485 2029 acetum
512 1967 620 2028 autem
647 1965 791 2029 omnium
817 1965 955 2029 maxime
982 1963 1111 2047 frigori·
1125 1979 1150 2018 2⁰

166 2070 238 2112 eum
260 2053 309 2113 est
331 2052 426 2134 atque
448 2049 482 2114 id
503 2052 613 2113 tamen
635 2071 810 2134 numquam
832 2049 907 2135 gelu
927 2047 1110 2132 stringitur.

89 2133 135 2199 30
143 2155 221 2197 num
253 2135 356 2219 igitur
381 2135 484 2232 magis
513 2133 582 2198 oleo
606 2136 774 2199 causaest
802 2134 928 2219 coaguli
951 2133 1111 2199 celerioris

142 2217 226 2302 quod
254 2222 287 2283 et
315 2219 487 2305 lenigaturs
520 2229 552 2283 et
580 2219 712 2303 spissius
741 2219 813 2284 est?
845 2219 992 2284 faciliora
1025 2218 1112 2282 enim

144 2303 183 2366 ad
218 2304 395 2368 coeundum
426 2305 578 2368 uidentur
610 2326 691 2388 quae
718 2303 874 2369 leuatiora
902 2303 1111 2385 densioraque

143 2391 230 2471 sunt,
249 2389 326 2453 uino
341 2391 449 2453 autem
465 2410 531 2452 non
555 2389 717 2473 contingit
738 2391 833 2453 tanta
847 2389 998 2453 mollities
1015 2389 1047 2451 et
1062 2390 1112 2450 est
1124 2402 1150 2443 25

143 2494 239 2555 quam
254 2474 359 2537 oleum
373 2473 475 2536 multo
496 2472 658 2556 liquidius,
675 2476 803 2537 acetum
817 2495 892 2537 uero
916 2477 947 2537 et
968 2471 1111 2556 liquidis-

143 2557 258 2620 simum
280 2560 329 2621 est
350 2556 436 2620 inter
458 2559 580 2620 ceteros
602 2556 750 2622 humores
778 2560 810 2621 et
838 2561 930 2622 tanto
953 2560 1003 2622 est
1025 2579 1111 2621 acer-

142 2641 213 2703 bius
245 2644 282 2704 ut
314 2640 358 2704 sit
390 2661 483 2704 acore
518 2640 702 2705 tristificum
729 2646 762 2707 et
790 2642 935 2727 exemplo
966 2643 1111 2706 marinae

143 2746 253 2808 aquae,
279 2746 358 2808 quae
381 2725 452 2809 ipsa
473 2747 535 2810 quo
558 2747 597 2789 ue
620 2727 833 2792 amaritudine
856 2728 906 2792 sui
921 2749 1034 2811 aspera
1051 2729 1110 2809 est,

89 2809 131 2875 31
141 2830 316 2893 numquam
338 2809 414 2895 gelu
437 2813 549 2875 contra
575 2811 647 2876 'tun
686 2834 763 2876 nam
784 2812 868 2897 quod
889 2812 1111 2876 Hauonorvs
1126 2827 1150 2866 30

143 2910 386 2959 Hrsroreranvn
409 2897 546 2980 scriptor
561 2899 674 2961 contra
689 2897 831 2961 omnium
845 2898 946 2962 ferme
962 2897 1014 2980 qui
1031 2895 1112 2960 haec

143 2979 370 3062 quaesiuerunt
401 2981 586 3067 opinionem
624 2982 754 3065 scripsit
786 3004 891 3046 mare
925 2981 1111 3065 Bospori-

210 3172 243 3220 30
261 3169 319 3221 ΙΙΙΙ
336 3173 369 3222 28

143 3273 347 3282 -——

209 3342 226 3390 4
251 3339 392 3406 *resolute
410 3338 435 3389 P
520 3340 550 3388 11
569 3336 706 3392 ΑΙΘΟΠΔ
724 3342 750 3391 Ρ
827 3342 857 3391 12
876 3341 969 3392 calore
985 3341 1012 3391 P
1081 3342 1112 3390 15

142 3406 268 3458 oleumne
285 3410 392 3473 scripsi:
412 3421 446 3457 ne
465 3404 556 3456 oleum
575 3408 599 3455 P
682 3410 715 3460 23
734 3405 757 3459 dc
775 3407 848 3473 quod
866 3407 889 3459 dr
906 3401 938 3458 F
1007 3410 1040 3460 32
1060 3423 1112 3474 qne

141 3474 264 3525 sruerunt
280 3478 308 3527 in
324 3491 378 3530 ras.
396 3477 423 3525 in
439 3473 467 3523 P
532 3475 670 3527 bosforrcn
688 3477 713 3525 P
