2362 3878
151 175 216 241 564
568 189 664 235 LIBRI
686 193 699 238 Ι

100 343 233 429 2lquod
262 364 330 406 non
358 345 452 406 noete
475 363 539 404 una
563 341 618 405 sed
640 341 763 406 duabus
792 341 941 406 effectum
972 345 1025 406 est
1057 345 1138 428 quia

152 450 246 493 omne
270 427 392 492 eaelum
413 448 479 491 una
500 428 595 490 nocte
616 448 684 490 non
705 426 847 490 uoluitur
868 427 922 491 sed
952 449 1013 510 per
1046 429 1138 494 diem

152 513 288 578 uertitur
317 533 393 596 pars
425 513 492 576 eius
525 510 630 574 media
663 514 696 575 et
728 511 882 575 medietas
915 512 1047 610 reliqua
1076 536 1137 598 per

152 600 291 661 noctem.
336 618 397 660 nec
410 600 521 660 tamen
538 595 659 660 caelum
674 617 768 659 omne
784 595 918 660 duarum
938 596 1003 661 sibr
1021 602 1136 681 proxi-

152 704 277 747 marum
308 682 451 746 noctium
483 680 593 745 diuisit
624 680 783 764 inspectio
790 730 799 763 ,
838 681 892 745 sed
925 681 1160 748 diuersoruma

152 770 334 851 temporum
361 769 520 830 nocturna
548 765 704 829 dimensio
726 769 897 849 utrumque
920 765 1135 852 hemisphae-

102 851 237 916 221111111
258 851 389 935 paribus
412 871 514 934 aquae
536 849 660 914 uicibus
683 849 861 915 adnotauit.
907 854 939 914 et
961 850 1025 915 has
1042 853 1135 937 ipsas

152 936 319 1001 duodecim
340 939 449 1020 partes
471 935 566 1020 signa
582 935 739 1019 appellari
753 935 946 1017 maluerunt,
973 940 1135 1022 certaque

153 1021 290 1106 singulis
312 1020 470 1085 uocabula
492 1020 600 1105 gratia
623 1019 871 1104 significationis
894 1020 1025 1085 adiecta
1041 1027 1132 1107 sunt,

153 1109 186 1170 et
212 1107 287 1190 quia
313 1106 408 1190 signa
437 1104 560 1169 Graeco
590 1104 720 1168 nomine
748 1103 848 1190 ζῴδια
880 1110 1131 1190 nuncupantur,
1147 1129 1168 1168 ιο

153 1191 273 1256 circum
294 1191 400 1275 ipsum
423 1190 589 1274 signorum
610 1189 790 1272 zodiacum,
814 1190 904 1273 quasi
931 1190 1135 1274 signiferum

101 1274 142 1339 23
152 1278 356 1340 uocauerunt.
401 1274 487 1338 hanc
514 1277 621 1338 autem
648 1275 808 1339 rationem
840 1275 936 1338 iidem
969 1275 1037 1358 illi,
1075 1299 1134 1342 cur

153 1361 314 1437 Arietem,
349 1380 420 1422 cum
452 1359 488 1422 in
522 1358 659 1441 sphaera
690 1359 773 1422 nihil
804 1360 944 1442 primum
978 1361 1133 1446 nihilque

151 1447 350 1528 postremum
372 1443 429 1526 sit,
457 1442 596 1525 primum
623 1445 734 1508 tamen
761 1444 825 1508 dici
851 1443 1030 1509 maluerint
1057 1468 1132 1530 pro-

153 1528 314 1591 diderunt.
360 1527 452 1591 aiunt
474 1527 560 1590 enim
581 1527 757 1611 incipiente
780 1529 831 1592 die
852 1528 908 1592 illo
931 1529 986 1612 qui
1002 1532 1130 1614 primus
1143 1551 1163 1591 15

153 1612 296 1679 omnium
321 1612 403 1677 luxit
429 1612 463 1675 id
490 1616 539 1676 est
560 1624 622 1696 quo
644 1613 679 1676 in
700 1612 788 1677 hunc
814 1612 974 1699 fulgorem
1002 1615 1131 1681 caelum

154 1702 186 1762 et
214 1697 374 1761 elementa
401 1700 541 1781 purgata
569 1700 661 1779 sunt,
691 1698 746 1781 qui
773 1698 842 1762 ideo
870 1699 982 1762 mundi
1005 1701 1130 1765 natalis

152 1782 220 1847 iure
235 1783 407 1864 uocitatur,
432 1782 575 1847 Arietem
590 1782 626 1846 in
641 1782 744 1846 medio
766 1783 853 1847 caelo
867 1783 977 1867 fuisse,
1003 1787 1037 1849 et
1052 1787 1129 1870 quia

153 1867 294 1932 medium
328 1867 450 1932 eaelum
482 1867 574 1952 quasi
601 1866 712 1931 mundi
740 1871 850 1931 uertex
879 1872 943 1950 est,
979 1869 1129 1935 Arietem

153 1956 324 2037 propterca
338 1953 478 2036 primum
492 1953 579 2017 inter
593 1973 703 2016 omnes
718 1951 874 2034 habitum,
891 1953 946 2036 qui
961 1955 999 2018 ut
1014 1956 1161 2019 mundio

103 2035 146 2100 24
155 2040 251 2121 eaput
277 2038 313 2101 in
341 2038 470 2102 exordio
496 2036 578 2102 lucis
601 2038 760 2121 apparuit.
806 2039 1005 2104 subnectunt
1028 2041 1129 2105 etiam

154 2144 285 2188 causam
316 2144 372 2188 cur
403 2123 483 2186 haec
517 2122 588 2206 ipsa
623 2122 789 2186 duodecim
822 2122 917 2206 signa
951 2124 1129 2222 adsignata

153 2207 221 2271 sint
243 2208 439 2273 diuersorum
462 2208 630 2272 numinum
652 2208 816 2290 potestati.
861 2208 953 2271 aiunt
981 2229 1072 2273 emm
1093 2212 1127 2275 in

153 2292 216 2357 hac
238 2293 309 2376 ipsa
330 2294 480 2379 genitura
499 2293 612 2357 mundi
632 2293 744 2357 Ariete
766 2296 803 2356 ut
823 2292 960 2357 diximus
983 2295 1128 2359 medium

155 2378 236 2442 caeli
257 2381 389 2443 tenente
411 2379 522 2442 horam
543 2378 642 2441 fuisse
664 2376 777 2441 mundi
798 2378 972 2461 nascentia,
998 2379 1128 2445 Cancro
1140 2398 1162 2439 a

154 2466 304 2547 gestante
336 2466 415 2527 tunc
447 2463 567 2525 lunam.
611 2465 685 2543 post
711 2462 798 2526 hunc
831 2462 878 2526 sol
911 2484 983 2527 cum
1018 2464 1129 2529 Leone

154 2548 327 2628 oriebatur,
352 2567 424 2610 cnm
446 2543 605 2608 Mercurio
627 2545 745 2630 Virgo,
769 2546 866 2610 Libra
889 2568 962 2611 eum
983 2547 1127 2634 Venere,

154 2630 241 2694 Mars
258 2629 375 2694 eratin
392 2628 533 2712 Scorpio,
559 2628 769 2715 Sagittarium
783 2631 929 2715 Iuppiter
943 2632 1128 2718 obtinebat,

103 2711 189 2779 25111
212 2713 408 2796 Capricorno
436 2712 593 2778 Saturnus
621 2715 757 2780 meabat.
803 2717 850 2781 sic
871 2717 995 2781 factum
1019 2722 1131 2785 estut

154 2797 276 2947 1ἰηῖιῶ
303 2818 412 2862 eorum
442 2798 608 2883 signorum
636 2800 757 2864 domini
785 2823 854 2866 esse
887 2801 1056 2887 dieantur,
1093 2806 1163 2870 ina

155 2884 209 2969 qui
232 2905 285 2964 us,
315 2904 387 2947 cum
414 2883 550 2948 mundus
578 2889 780 2968 nasceretur,
809 2886 909 2951 fuisse
937 2887 1127 2955 creduntur.

155 2968 210 3032 sed
232 2966 354 3032 duobus
375 2968 503 3052 quidem
524 2969 698 3034 luminibus
720 2970 850 3056 singula
871 2973 1002 3036 tantum
1017 2973 1128 3059 signa,

225 3159 238 3206 l
258 3173 304 3222 qur
322 3173 376 3209 non
389 3158 414 3208 Β
466 3158 547 3221 duab;
565 3160 694 3209 inraar'n
707 3162 732 3211 P
798 3163 813 3212 3
832 3165 947 3211 uertrtur
965 3161 1033 3227 pars
1047 3180 1129 3228 prae-

155 3233 196 3276 ter
213 3241 230 3290 p
249 3227 275 3275 in
292 3242 344 3276 raa.
363 3230 390 3278 in
408 3229 433 3278 P
499 3222 713 3294 6⁴em1sphqrrir
731 3230 757 3279 P
814 3231 846 3280 10
864 3244 979 3295 grproo
999 3231 1025 3280 P
1082 3248 1130 3285 no-

155 3308 227 3343 mine
247 3295 297 3358 giro
316 3294 341 3343 B
393 3294 475 3345 zodia
493 3294 542 3345 PB
611 3298 643 3345 11
662 3296 800 3360 gnrferum
816 3289 852 3344 B'
922 3299 1130 3367 1211221111

154 3362 180 3411 P
247 3365 280 3413 20
296 3366 351 3427 ppt
367 3364 398 3423 P,
417 3367 537 3428 <ppterea
552 3379 571 3428 p
657 3366 689 3414 21
709 3368 820 3431 aparurt
837 3364 863 3414 B
931 3366 964 3414 22
984 3365 1130 3433 aslrgnata

154 3429 181 3479 B
232 3432 395 3482 23nomm1'1
415 3433 439 3482 P
505 3433 538 3482 25
557 3431 646 3498 cqlum
664 3432 690 3482 B
759 3435 792 3483 27
809 3433 893 3500 Lrgrr‘r
910 3425 944 3482 B‘
1014 3437 1129 3489 28101·-

144 3513 196 3565 pro
213 3493 255 3566 P',
280 3499 423 3569 scorpione
441 3499 467 3551 B
