2362 3878
165 190 228 255 596
573 201 668 247 maru
691 199 718 246 11

130 360 241 424 3sunt
264 356 299 419 in
326 354 497 438 sexaginta
527 352 647 416 diuisus
671 356 721 416 est
742 353 861 434 partes.
906 349 1016 415 habet
1039 354 1136 416 autem

167 445 254 507 totus
276 441 345 523 ipse
368 439 507 503 ambitus
529 437 705 501 stadiorum
733 436 871 500 ducenta
898 435 1136 521 quinquaginta

167 527 230 590 duo
257 524 360 607 milia,
393 545 470 607 ergo
498 521 644 607 singulae
672 519 889 618 sexagesimae
920 521 1138 585 extenduntur

168 610 280 676 stadiis
303 607 467 693 quaternis
490 607 618 671 milibus
645 607 777 670 ducems
806 608 838 669 et
860 604 932 668 sine
955 605 1061 670 dubio
1082 628 1137 670 me

168 696 270 760 dietas
292 696 375 778 eius,
427 714 488 757 uae
509 695 558 756 est
580 714 598 755 a
619 691 650 756 D
672 713 729 788 per
756 690 914 754 orientem
943 690 981 755 id
1012 694 1064 756 est
1088 709 1154 776 pers

168 782 199 845 A
221 800 320 863 usque
348 779 389 842 ad
411 782 452 861 t,
482 776 581 841 habet
607 775 745 874 triginta
772 775 995 859 sexagesimos
1026 779 1138 841 etsta

168 865 292 929 diorum
313 863 402 927 milia
425 865 557 927 centnm
578 861 697 945 uigiutr
720 882 790 943 sex,
814 862 932 944 quarta
960 883 1045 926 uero
1072 884 1138 947 pars

167 971 248 1033 quac
271 953 319 1012 est
342 948 383 1012 ab
406 951 436 1011 A
458 969 558 1031 usque
580 946 620 1010 ad
643 945 683 1029 O,
712 945 870 1029 incipiens
893 967 914 1008 a
936 947 1050 1011 medio
1078 969 1139 1031 per·

167 1037 273 1116 ustae,
310 1032 409 1097 habet
436 1031 649 1116 sexagesimae
678 1030 861 1114 quindecim
894 1033 929 1094 et
963 1033 1139 1097 stadiorum

167 1118 256 1182 milia
278 1118 447 1203 sexaginta
469 1119 502 1180 et
523 1116 597 1180 tria.
641 1116 736 1180 huius
764 1118 896 1200 quartae
925 1117 1038 1200 partis
1059 1132 1162 1182 men-a

168 1225 242 1266 sura
264 1203 366 1267 relata
389 1201 551 1266 constabit
571 1201 669 1265 totius
693 1201 831 1265 ambitus
852 1200 952 1283 plena
974 1202 1139 1268 dimensio.

131 1288 153 1351 4
168 1288 208 1350 ab
224 1288 254 1351 A
275 1288 378 1371 igitur
398 1308 496 1369 usque
520 1286 559 1350 ad
573 1285 615 1368 N,
640 1285 724 1370 quod
744 1289 792 1349 est
806 1285 963 1350 medietas
980 1292 1139 1371 perustae,

168 1371 267 1434 habet
289 1371 504 1455 sexagesimas
526 1374 686 1454 quattuor,
711 1391 792 1454 quae
813 1370 941 1434 faciunt
963 1373 1141 1438 stadiorum

168 1453 256 1518 milia
285 1455 423 1518 sedecim
451 1475 522 1517 cum
550 1456 810 1538 octingentorum
838 1454 1042 1541 adiectione,
1071 1479 1141 1544 ergo

169 1538 272 1602 omnis
294 1542 425 1622 perusta
448 1539 720 1623 sexagesimarum
743 1542 815 1604 octo
838 1542 886 1603 est
909 1542 944 1604 et
963 1544 1064 1608 tenet
1086 1548 1165 1608 saa

130 1624 291 1688 odiorum
312 1624 401 1687 milia
422 1623 560 1708 triginta
587 1625 651 1689 tria
673 1627 705 1688 et
727 1627 878 1688 sexcenta
905 1624 1060 1712 insuper.
1105 1629 1142 1692 la·

169 1708 273 1772 titudo
303 1712 410 1772 autern
439 1709 560 1793 cinguli
588 1709 692 1773 nostri
720 1710 775 1792 qui
802 1712 1007 1792 temperatus
1038 1713 1142 1778 estid

170 1796 218 1857 est
234 1793 275 1857 ab
289 1792 321 1858 N
335 1816 434 1878 usque
450 1794 491 1857 ad
505 1793 521 1858 I
536 1793 635 1858 habet
656 1794 871 1879 sexagesimos
892 1795 1044 1881 quinque
1067 1820 1142 1882 quac

168 1878 294 1942 faciunt
321 1880 498 1943 stadiorum
525 1879 613 1942 milia
641 1879 760 1963 uiginti
787 1900 900 1961 unum,
935 1883 969 1944 et
1004 1885 1143 1967 spatium

169 1962 307 2047 frigidae
335 1964 375 2027 ab
403 1963 419 2027 I
447 1984 546 2047 usque
575 1965 616 2027 ad
646 1962 670 2029 C
698 1963 796 2027 habet
823 1965 1050 2047 sexagesimae
1082 1983 1166 2052 sexa

170 2069 251 2132 quac
272 2051 385 2112 tenent
405 2049 580 2112 stadiorum
594 2047 714 2133 uiginti
729 2049 868 2133 quinque
882 2049 976 2114 milia
992 2052 1140 2119 ducenta.

136 2134 155 2197 6
171 2154 209 2196 ex
231 2132 292 2203 hae
315 2136 429 2218 quarta
450 2137 542 2217 parte
557 2133 643 2197 orbis
657 2136 826 2216 terrarum,
852 2133 941 2197 cuius
957 2157 1143 2204 mensuram

171 2217 337 2281 euidenter
364 2219 576 2303 expressimus
583 2268 592 2301 ,
619 2218 751 2282 alterius
780 2221 912 2302 quartae
942 2223 1055 2303 partis
1085 2246 1144 2288 ma·

170 2303 375 2386 gnitudinem
411 2304 451 2367 ab
478 2304 509 2366 A
541 2325 641 2387 usque
669 2303 709 2366 ad
737 2302 766 2366 D
799 2303 871 2387 pari
903 2302 1144 2373 dimensionum

171 2386 378 2452 distinctione
407 2409 592 2472 cognosces.
645 2409 717 2451 cum
745 2409 822 2472 ergo
850 2392 1013 2471 quantum
1037 2396 1167 2459 tenear

169 2471 325 2556 sphaerae
353 2472 535 2555 superficies
563 2494 643 2554 quae
671 2473 711 2537 ad
738 2494 797 2536 nos
826 2477 874 2536 est
900 2471 937 2536 in
966 2479 1064 2542 omni
1093 2501 1145 2544 sua

170 2556 342 2620 medietate
367 2554 564 2637 cognoueris,
587 2556 626 2619 de
653 2579 803 2621 mensura
830 2578 956 2641 quoque
979 2560 1145 2629 inferioris

170 2639 351 2702 medietatis
385 2638 416 2700 id
440 2640 489 2702 est
511 2661 529 2701 a
551 2638 581 2702 D
603 2662 660 2724 per
687 2641 714 2704 B
744 2664 842 2726 usque
870 2641 911 2705 ad
940 2642 965 2707 O
996 2646 1146 2713 similiter

136 2721 349 2790 tiustrueris
395 2722 488 2787 modo
511 2723 597 2788 enirn
624 2730 698 2809 quia
726 2727 836 2790 orbem
857 2730 963 2790 terrae
988 2729 1027 2794 in
1049 2733 1146 2818 plano

171 2806 348 2891 pinximus‚
376 2806 412 2872 in
439 2808 536 2892 plano
566 2813 673 2874 autem
700 2811 839 2875 medium
866 2811 1052 2895 exprimere
1083 2832 1168 2883 nona

170 2911 337 2973 possumus
359 2891 559 2975 sphaeralem
579 2897 746 2977 tumorem,
770 2896 909 2960 mutuati
936 2918 1052 2964 sumus
1079 2903 1147 2967 alti·

170 2974 291 3037 tudinis
313 2976 513 3042 intellectum
528 3001 547 3042 a
563 2979 679 3043 circulo
700 2980 754 3064 qui
776 2980 880 3065 magis
895 2980 1033 3048 horizon
1049 3009 1148 3071 quam

239 3182 384 3287 acuiiiiii
398 3237 429 3298 P,
452 3235 616 3286 ducentenrs
631 3237 655 3286 B
712 3239 855 3302 tuigrnta
873 3231 907 3287 B'
960 3240 1029 3303 pras
1043 3235 1080 3292 P‘
1134 3247 1147 3295 8

173 3298 321 3352 estom.P
403 3307 418 3354 9
435 3304 599 3368 posthabet
617 3307 678 3358 add.
698 3304 773 3354 urB
859 3308 890 3356 13
913 3306 1097 3364 faor-uatum.
1116 3307 1148 3362 R

174 3368 205 3416 14
223 3369 306 3421 melia
323 3364 357 3420 B'
444 3374 475 3421 16
494 3365 667 3421 sescentaP'
747 3376 778 3424 19
796 3378 913 3437 triginta
932 3367 966 3424 B'
1037 3380 1075 3429 22
1095 3382 1147 3433 hac

172 3440 257 3498 igitur
274 3438 300 3487 B
377 3438 612 3491 24mensron1’1P
686 3443 718 3493 26
738 3441 813 3507 spere
832 3440 858 3489 B
936 3443 1147 3501 camertem.

168 3502 198 3552 B
248 3506 349 3562 adom.
369 3500 402 3556 B'
470 3509 502 3559 31
522 3506 699 3573 speralemB
768 3511 800 3559 32
818 3524 912 3559 orrzon
930 3510 979 3559 PB
