2362 3878
123 205 165 270 82
369 180 393 225 ¹·
536 220 633 267 araur
655 220 668 266 1

125 374 291 439 adiciendo
320 375 406 437 enim
437 372 590 438 salubri
624 372 766 438 ostendit
793 372 959 436 auertendi
985 394 1040 436 mo:

125 460 231 544 gratia
252 461 381 522 tantum
403 459 497 522 modo
504 508 513 540 ,
536 479 604 521 non
626 457 725 522 etiam
746 457 788 521 ob
808 457 933 521 lucrum
947 479 1040 541 purga

76 548 115 612 13
125 545 183 608 dae
210 546 304 607 lanae
333 564 428 606 causa
454 543 525 606 fieri
555 564 750 606 concessum.
795 541 875 605 haec
904 542 941 606 de
970 542 1040 605 fest

125 634 157 692 et
172 630 226 713 qui
240 628 316 692 inde
330 631 524 709 nascuntur,
549 628 604 710 qui
625 628 722 690 etiam
745 626 896 689 nefasti
919 632 1040 691 uocant

208 712 305 776 Nunc
333 712 371 775 de
400 713 594 796 profestis
623 716 656 776 et
684 711 738 795 qui
766 733 805 774 ex
832 711 883 775 liis
910 713 1040 794 procedi

124 798 303 882 loquemur,
332 796 366 860 id
394 800 443 860 est
468 796 563 861 fastis
593 796 806 860 comitialibus
834 798 1036 879 comparendi

74 886 113 948 14
125 883 219 946 statis
233 877 454 965 'proeliaribus
488 882 504 943 f
509 881 587 944 asti
610 885 686 944 sunt
700 881 815 964 quibus
830 881 906 944 licet
921 881 984 944 sari
1000 905 1039 964 pr

123 970 187 1031 tori
200 969 265 1030 tria
280 971 378 1030 uerba
400 965 576 1030 sollemmia
599 967 644 1030 do
667 966 753 1029 dico
777 966 924 1030 addico.
949 967 999 1029 his
1017 989 1040 1030 c<

123 1052 216 1115 trarii
238 1056 315 1114 sunt
336 1051 499 1115 nefasti.
539 1050 767 1114 comitiales
789 1056 866 1114 sunt
886 1051 1001 1134 quibus
1019 1074 1040 1115 c⁴

123 1137 241 1220 populo
264 1138 318 1220 agi
339 1136 431 1217 licet,
456 1140 488 1198 et
509 1135 632 1199 fastis
655 1135 782 1218 quidem
803 1134 875 1220 lege
899 1137 954 1219 agi
970 1141 1040 1219 pote

125 1243 196 1285 cum
219 1220 337 1304 populo
365 1241 431 1283 non
459 1224 582 1304 potest,
613 1219 890 1283 comitialibus
919 1226 1040 1303 utrum(

123 1310 247 1388 potest3
282 1305 580 1387 comperendini
614 1305 729 1388 quibus
761 1304 981 1369 uadimonium
1014 1306 1037 1369 li

124 1391 243 1471 dicere3
267 1390 363 1452 stati
386 1389 440 1472 qui
461 1389 571 1453 iudicii
593 1411 782 1454 causacum
803 1391 976 1473 peregrino
997 1391 1040 1454 im

122 1477 273 1554 tuuntur,
301 1479 338 1537 ut
359 1473 522 1538 Pnuvrvs
544 1476 579 1538 in
603 1474 830 1540 Ovacvniona

187 1559 214 1622 si
237 1562 340 1622 slatus
364 1559 529 1622 condictus
553 1581 625 1623 cum
646 1559 738 1622 hoste
760 1559 944 1623 intercessit
966 1560 1040 1624 dies

123 1644 275 1708 hostem
307 1665 394 1707 nunc
428 1665 514 1707 more
542 1649 650 1707 uetere
679 1644 843 1728 significat
870 1645 1040 1728 peregrini

73 1729 347 1813 lbproeliares
377 1728 418 1790 ab
445 1729 538 1792 iustis
560 1751 627 1792 non
649 1729 902 1813 segmgmerim,
933 1729 1036 1812 siquid

123 1813 221 1877 iusti
250 1818 327 1877 sunt
355 1813 499 1876 continui
529 1813 667 1900 triginta
697 1813 764 1878 dies
791 1814 905 1897 quibus
935 1817 1039 1878 exerci

122 1898 280 1980 imperato
302 1897 454 1960 uexillum
477 1897 559 1960 russi
583 1897 696 1962 coloris
718 1899 753 1962 in
777 1920 849 1961 arce
871 1899 1040 1981 positumr

122 1983 343 2065 proeliares
371 1985 479 2045 autem
508 2003 618 2046 omnes
644 1984 759 2066 quibus
781 1983 832 2046 fas
854 1985 904 2046 cst
925 2004 977 2047 res
1000 2007 1040 2068 rej

73 2067 112 2131 16
124 2073 192 2131 tere
214 2067 266 2131 uel
287 2067 413 2132 hostem
434 2067 600 2131 lacessere.
631 2090 708 2131 nam
731 2090 803 2132 cum
819 2067 938 2150 Latiar,
956 2067 1018 2133 hoc

122 2151 310 2216 Latinarum
332 2152 502 2232 sollemne,
527 2152 721 2235 concipitur,
744 2153 823 2216 item
845 2152 957 2216 diebus
981 2152 1039 2217 Sat

122 2237 297 2316 naliorum,
322 2237 376 2300 sed
399 2242 431 2300 et
454 2259 525 2300 cum
540 2238 677 2301 mundus
695 2240 802 2320 patet,
826 2238 919 2301 nefas
935 2242 985 2302 est
999 2261 1039 2321 pr

73 2321 200 2385 lilium
234 2342 374 2384 sumere:
412 2322 486 2403 quia
518 2342 578 2385 nec
610 2321 799 2386 Latinarum
831 2325 991 2406 tempore,
1027 2345 1040 2406 c

145 2405 248 2468 ublice
270 2403 430 2488 quondam
452 2404 596 2468 indutiae
617 2407 703 2469 inter
730 2407 883 2491 populum
906 2406 1040 2472 Romani

121 2428 316 2572 latinosque
338 2489 485 2552 firmatae
507 2492 599 2572 sunt,
628 2491 776 2556 inchoari
798 2492 918 2555 bellum
940 2492 1040 2556 doceb

121 2594 182 2638 nec
197 2572 327 2638 Saturni
350 2573 449 2656 festa,
474 2577 526 2657 qui
551 2575 620 2637 sine
642 2575 707 2640 ullo
729 2576 868 2640 tumulto
888 2576 1005 2640 bellico
1023 2599 1039 2640 c

121 2658 208 2721 ditur
229 2657 419 2741 imperasse,
448 2680 508 2721 nec
536 2664 668 2742 patente
690 2661 825 2744 mundo,
855 2663 939 2744 quod
961 2683 1040 2724 sacri

121 2743 192 2806 Diti
220 2744 304 2826 patri
335 2747 368 2808 et
395 2743 606 2827 Proserpinae
635 2746 776 2809 dicatum
809 2748 874 2826 est,
910 2746 1040 2829 meliust⁴

121 2826 247 2891 occlusa
269 2827 416 2893 Plutonis
438 2829 532 2892 fauce
555 2830 693 2893 eundum
715 2832 755 2893 ad
777 2830 933 2913 proelium
955 2836 1040 2913 puta

71 2912 110 2976 18
122 2915 208 2976 runt.
251 2913 335 2976 unde
351 2918 384 2979 et
398 2913 521 2980 VARRO
537 2913 584 2978 ita
598 2916 710 2978 scribit
724 2914 890 2978 mundus
915 2936 999 2979 cum
1022 2937 1040 2998 p

189 3124 199 3168 1
222 3119 329 3171 salubre
347 3112 380 3170 P'
430 3119 563 3169 lnefesti
582 3121 607 3170 B
660 3119 796 3185 71311a11b3
814 3138 841 3185 p,
861 3121 944 3184 saliam
958 3122 991 3184 P,
1010 3137 1040 3186 pr

118 3187 274 3237 lialibulB
350 3187 558 3252 BsollopuiaP
626 3191 658 3238 14
676 3189 839 3253 nurgulione
857 3189 895 3251 B,
925 3190 1040 3253 gurgulu

118 3256 189 3315 Pu)
249 3257 280 3306 15
299 3256 318 3305 u
337 3274 383 3306 om.
396 3256 424 3304 B
480 3258 511 3305 16
530 3254 695 3317 significans
708 3274 777 3309 rora.
789 3273 825 3306 eur
843 3256 1007 3323 significant
1025 3266 1040 3305 u

120 3324 151 3372 17
171 3323 303 3389 probolas
317 3326 348 3385 P,
369 3323 518 3388 ploeliarel
532 3317 564 3371 B'
617 3325 668 3373 aB
721 3325 753 3374 18
771 3330 895 3375 continui
913 3326 996 3373 om.P

118 3391 291 3456 psalimus?
340 3391 485 3446 selom]
535 3391 742 3456 ‘22sollcpneP
792 3392 1005 3458 23praeliumP

119 3461 189 3524 quod
209 3459 317 3527 publica
335 3460 360 3511 B
428 3463 462 3512 28
480 3465 593 3527 potente
612 3468 639 3510 ut
657 3462 708 3514 uid.
728 3452 762 3509 B'
831 3464 865 3512 30
882 3458 1006 3526 platonis
1021 3459 1040 3510 B

101 3527 248 3588 praelium
264 3530 294 3578 Ρ
