2362 3878
471 208 585 274 xvnn,
602 201 696 251 4-14
997 192 1061 257 549

95 362 180 425 renti
209 361 371 444 proxima,
400 362 504 425 lucem
527 360 591 423 nisi
619 360 657 423 de
685 362 886 444 superposito
917 360 983 426 sole
1009 361 1061 426 cui

94 445 278 530 resplendet
305 446 424 510 habere
451 467 518 509 non
546 445 671 529 potuit,
701 445 837 529 denique
864 446 940 530 quia
960 447 1060 511 totius

94 531 207 594 mundi
229 531 294 594 ima
316 553 390 614 pars
412 535 498 594 terra
521 532 580 612 est,
605 527 744 593 aetheris
767 533 874 594 autem
898 530 963 593 ima
984 553 1060 615 pars

94 616 171 678 luna
193 619 257 698 est,
288 616 399 679 lunam
420 637 546 700 quoque
574 617 694 678 terram
722 614 777 678 sed
806 614 981 678 aetheriam
1003 638 1059 679 uo-

69 703 259 764 scauerunt.
304 701 468 765 inmobilis
496 703 607 764 tamen
633 708 669 763 ut
696 702 783 762 terra
810 721 879 763 esse
907 720 975 763 non
1003 700 1110 783 po-ll

94 785 168 867 tuit,
198 785 273 869 quia
294 784 329 848 in
351 785 488 869 sphaera
509 806 590 869 quae
612 783 755 847 uoluitur
777 784 860 848 nihil
881 786 991 847 manet
1012 784 1060 847 in-

94 869 212 933 mobile
234 872 362 953 praeter
385 873 545 951 centrum,
569 869 752 932 mundanae
774 872 882 933 autem
905 868 1059 952 sphaerae

94 957 180 1018 terra
209 957 354 1018 centrum
382 958 446 1037 est,
475 953 548 1018 ideo
576 953 645 1018 sola
672 953 835 1018 inmobilis
862 957 1058 1037 perseuerat.

93 1060 202 1102 rursus
230 1043 316 1102 terra
344 1035 475 1122 accepto
504 1038 580 1103 solis
607 1039 728 1103 lumine
757 1038 905 1103 clarescit
932 1041 1060 1102 tantum
1073 1039 1112 1102 12

57 1146 80 1181 10
93 1123 200 1207 modu,
224 1145 291 1187 non
313 1123 448 1207 relucet3
483 1124 560 1186 luna
588 1123 709 1207 speculi
736 1125 841 1187 instar
865 1123 1060 1208 lumenque

93 1207 274 1272 illustratur
296 1209 431 1290 emittit,
456 1209 531 1293 quia
546 1208 602 1272 illa
624 1209 706 1272 aeris
723 1212 756 1272 et
771 1230 882 1291 aquae,
906 1230 987 1291 quae
1003 1229 1062 1292 per

94 1315 128 1357 se
151 1296 303 1357 concreta
325 1297 358 1357 et
379 1295 479 1358 densa
502 1296 588 1375 sunt,
612 1294 685 1356 faex
707 1292 846 1357 habetur
867 1296 900 1357 et
921 1293 993 1356 ideo
1009 1314 1061 1356 ex-

93 1381 197 1440 trema
231 1379 382 1442 castitate
409 1379 543 1443 densata
577 1380 626 1442 est
659 1399 719 1442 nec
746 1378 833 1441 ultra
860 1377 1062 1462 superficiem

95 1463 209 1544 quauis
231 1462 302 1525 lucc
324 1466 528 1546 penetratur,
557 1463 638 1527 haec
665 1462 742 1527 licet
764 1463 889 1546 etipsa
915 1462 990 1527 finis
1019 1462 1062 1525 sit
1157 1516 1160 1520 Δ

56 1564 81 1604 15
95 1547 150 1610 sed
172 1546 401 1630 liquidissimae
422 1548 503 1612 lucis
519 1551 552 1612 et
572 1548 660 1632 ignis
681 1548 826 1632 aetherii,
851 1548 922 1612 ideo
951 1569 1058 1631 quam-

94 1632 144 1695 uis
167 1631 295 1694 densius
318 1652 433 1715 corpus
455 1633 498 1696 sit
541 1655 615 1695 uam
638 1636 745 1697 cetera
768 1632 929 1715 caelestia,
958 1632 1061 1697 multo

92 1719 204 1779 tamen
231 1720 358 1780 terreno
385 1718 496 1800 purius
520 1654 566 1780 lit
594 1720 744 1800 acceptae
766 1716 830 1781 luci
852 1716 1062 1800 penetrabilis

95 1802 173 1864 adeo
195 1804 232 1864 ut
254 1823 323 1864 eam
346 1801 384 1864 de
407 1822 441 1865 se
462 1823 571 1865 rursus
594 1801 732 1882 emittat,
755 1800 881 1863 nullum
894 1803 1005 1863 tamen
1021 1800 1062 1863 ad

93 1907 153 1948 nos
180 1885 396 1968 perferentem
426 1907 555 1948 sensum
584 1885 713 1948 caloris:
748 1884 823 1968 quia
850 1884 932 1948 lucis
954 1885 1061 1948 radius
1074 1884 1113 1948 13

56 1987 80 2026 ao
96 1991 167 2032 cum
190 1969 230 2032 ad
252 1990 311 2032 nos
333 1969 373 2032 de
394 1969 519 2053 origine
542 1991 599 2032 sua
621 1969 653 2032 id
681 1971 729 2032 est
754 1968 879 2032 desole
925 1970 1061 2054 eruenit,

94 2058 244 2127 naturam
266 2075 373 2117 secum
395 2053 481 2137 ignis
504 2053 542 2117 de
564 2075 626 2137 quo
648 2053 793 2118 nascitur
820 2053 899 2117 deue
926 2053 964 2136 ‘t3
991 2076 1064 2117 cum

94 2159 170 2202 uero
192 2138 227 2201 in
249 2138 345 2201 lunae
369 2159 483 2221 corpus
505 2137 687 2201 infunditur
716 2141 749 2202 et
769 2138 845 2201 inde
867 2137 1061 2221 resplendet,
1142 2160 1145 2165 ·

94 2222 194 2287 solam
230 2221 374 2286 refundit
407 2223 586 2286 claritatem
619 2243 686 2287 non
720 2223 867 2286 calorem.
918 2244 995 2286 nam
1031 2225 1064 2286 et

94 2309 258 2391 speculum
282 2329 354 2371 cum
377 2308 579 2392 splendorem
601 2309 640 2372 de
662 2329 696 2371 se
718 2308 753 2370 ui
779 2306 918 2391 oppositi
938 2307 1063 2371 eminus

55 2409 80 2450 2⁵
93 2393 181 2478 ignis
211 2392 344 2476 emit-tit,
380 2392 481 2458 solam
507 2393 594 2477 ignis
628 2391 872 2457 similitudinem
900 2395 1063 2456 carentem

94 2500 190 2542 sensu
230 2479 344 2542 caloris
380 2478 532 2543 ostendit.
578 2500 672 2563 quem
702 2478 762 2542 soli
794 2476 939 2541 ordinem
970 2476 1064 2541 Plato
1075 2477 1116 2539 14

93 2562 217 2626 dederit
237 2563 289 2626 uel
304 2564 372 2628 eius
389 2566 545 2647 auctores,
570 2585 688 2647 quosue
702 2562 813 2629 Cicero
828 2566 956 2627 secutus
971 2583 1063 2646 quar·

93 2649 163 2709 turn
184 2647 289 2710 locum
311 2649 407 2732 globo
430 2650 496 2712 eius
526 2648 763 2733 adsignauerit,
792 2647 844 2712 uel
872 2668 953 2732 quae
980 2647 1064 2711 ratio

94 2731 334 2814 persuasionem
354 2733 449 2796 huius
465 2734 664 2797 diuersitatis
679 2733 842 2798 induxerit
857 2736 889 2797 et
905 2754 961 2797 cur
976 2732 1063 2796 dixe-

56 2815 275 2878 aril'rullius
297 2816 337 2878 in
359 2816 584 2900 infimoque
599 2819 692 2880 orbe
713 2817 948 2881 lunaradiis
964 2817 1064 2881 solis

94 2921 265 2963 accensa
293 2901 547 2964 conuertitur
574 2902 653 2964 satis
680 2901 802 2964 dictum
829 2903 893 2983 est,
928 2902 984 2965 sed
1011 2901 1064 2965 his

93 2985 154 3048 hoc
171 2984 393 3048 adiciendum
422 2987 470 3048 est
510 3005 565 3047 cur
592 2983 703 3049 Cicero
738 3006 809 3048 cum
844 2989 994 3068 quartum
1024 2985 1064 3048 de

94 3072 217 3153 septem
240 3069 338 3132 solem
361 3067 450 3151 uelit,
475 3071 608 3152 quartus
630 3071 737 3132 autem
757 3069 844 3132 inter
858 3073 982 3153 septem
997 3090 1064 3132 non

92 3154 161 3218 fere
183 3153 305 3218 medius
328 3154 384 3218 sed
406 3155 494 3218 omni
515 3154 608 3218 modo
630 3152 752 3217 medius
776 3157 808 3218 et
830 3153 873 3218 sit
894 3157 927 3216 et
946 3153 1066 3217 habea-

56 3257 81 3296 35
94 3243 158 3322 tur,
180 3260 247 3303 non
270 3239 405 3322 abrupte
426 3239 568 3302 medium
590 3238 688 3303 solem
711 3239 767 3304 sed
787 3239 871 3303 fere
894 3238 1064 3302 medium

94 3381 244 3388 --—----.
250 3382 297 3388 .—

95 3512 116 3560 Ζ
168 3446 181 3492 1
208 3445 299 3495 lucem
322 3445 377 3495 nisi
401 3444 435 3494 de
457 3447 630 3509 superposito
653 3444 711 3496 sole
735 3460 789 3510 que
813 3443 973 3510 resplendet
994 3445 1062 3494 cont.

117 3527 205 3562 erratus
