2362 3878
477 77 529 142 vr,
545 70 657 122 61-70
983 63 1047 129 499

79 231 249 317 sanguinis
271 230 306 294 in
328 229 495 314 superficie
521 229 658 294 folliculi
680 229 719 294 de
741 251 804 315 quo
832 231 968 297 diximus
991 255 1047 316 ap-

78 337 202 401 parere,
225 315 322 380 tertia
344 314 487 399 demergi
510 335 562 378 eas
584 315 761 381 introrsum
783 315 823 379 ad
844 316 951 399 ipsum
973 339 1046 384 con-

80 400 236 485 ceptionis
258 400 439 482 humorem,
469 402 583 484 quarta
604 399 771 464 humorem
797 400 903 485 ipsum
931 423 1046 487 coagu-

79 487 138 550 lari
161 488 198 550 ut
224 484 376 569 quiddam
402 484 492 548 uelut
517 484 604 548 inter
633 505 762 549 carnem
793 506 831 549 ao
853 487 1047 570 sanguinem

52 570 199 654 sliquida
222 569 325 633 adhue
341 568 501 718 soliditatp
518 568 700 652 conueniat,
723 569 838 667 quinta
858 590 935 633 uero
948 570 1046 634 inter-

79 655 155 719 dum
176 654 259 739 fingi
272 654 334 718 inr
358 675 394 718 sa
409 653 483 717 subs
501 654 592 718 antia
612 653 755 718 humoris
770 655 945 719 humanam
965 654 1046 740 figu-
1104 731 1108 737 ⁵

78 761 148 803 ram
169 676 395 824 magnitudine
417 738 546 836 quidem
574 739 644 822 apis
666 738 722 803 sed
743 742 780 803 ut
808 739 844 803 in
865 738 922 803 illa
943 739 1047 803 breui-

77 827 146 888 tate
181 823 325 888 membra
352 845 460 888 omma
493 825 526 887 et
562 823 732 908 designata
769 823 868 888 totius
906 823 1046 908 corporis

78 909 270 973 liniamenta
292 908 481 973 consistant.
505 907 577 973 ideo
599 911 707 972 autem
728 908 902 972 adiecimus
924 907 1045 973 inter·
1055 908 1097 974 66

40 1015 65 1052 10
79 993 165 1057 dnm
215 993 269 1058 uia
297 995 424 1058 constat
450 992 598 1078 quotiens
626 992 740 1078 quinta
761 992 960 1057 hebdomade
987 993 1047 1058 fin-

77 1079 166 1163 gitur
193 1015 381 1164 designatio
408 1077 472 1142 ista
503 1077 733 1161 membrorum,
768 1098 878 1142 mense
910 1077 1047 1161 septimo

77 1163 233 1227 maturari
254 1166 393 1247 partum.
423 1184 495 1227 curn
518 1165 626 1227 autem
646 1183 733 1227 nono
755 1182 865 1226 mense
888 1162 1047 1227 absolutio

76 1247 187 1312 futura
210 1251 269 1330 est,
292 1248 320 1312 si
342 1248 470 1332 quidem
498 1247 621 1312 femina
641 1247 833 1330 fabricatur,
857 1250 948 1312 sexta
969 1247 1046 1311 heb·

78 1332 212 1396 domade
239 1332 383 1396 membra
409 1333 474 1397 iam
502 1331 618 1397 diuidi:
653 1335 680 1397 si
707 1331 868 1396 masculus
896 1353 929 1397 se
953 1331 1044 1396 tima.

41 1435 65 1474 15
79 1418 153 1499 post
174 1419 303 1500 partum
325 1437 402 1480 uero
423 1421 532 1482 utrum
553 1417 713 1482 uicturum
741 1417 785 1482 sit
806 1417 890 1502 quod
913 1437 929 1480 e
977 1415 1095 1482 sumto?

79 1503 142 1584 est,
167 1523 209 1565 an
237 1501 273 1565 in
294 1503 386 1565 utero
414 1501 462 1565 sic
483 1505 722 1599 praemortuum
743 1505 781 1566 ut
801 1504 930 1566 tantum
952 1501 1046 1566 modo

78 1585 205 1669 spirans
227 1587 391 1670 nascatur,
415 1587 553 1670 septrma
567 1585 647 1650 hora
669 1586 832 1650 discernit.
857 1585 943 1650 ultra
959 1584 1046 1651 huno

79 1669 165 1735 enim
187 1670 337 1735 horarum
359 1692 528 1735 numerum
542 1692 624 1756 quae
644 1673 849 1755 praemortua
867 1673 1047 1734 nascuntur

79 1756 161 1818 aeris
198 1755 334 1819 halitum
366 1754 451 1819 ferre
482 1776 549 1819 non
581 1757 738 1838 possunt:
796 1775 870 1818 uem
902 1753 1046 1839 quisquis

40 1859 65 1898 20
79 1839 165 1903 ultra
193 1842 316 1922 septem
344 1839 439 1903 horas
468 1838 674 1921 sustinuerit,
703 1775 904 1923 intellegitur
932 1838 972 1902 ad
1000 1838 1046 1903 ui-

77 1927 146 1987 tam
169 1927 305 2006 creatus,
328 1923 392 1986 nisi
425 1922 507 1987 alter
527 1921 628 2006 forte,
658 1923 761 2008 qualis
783 1922 964 2006 perfectum
991 1943 1046 2005 po-

77 2010 153 2090 test,
188 2028 279 2072 casus
315 2007 440 2104 eripiat.
485 2007 565 2072 item
589 2010 664 2092 post
692 2007 759 2071 dies
789 2009 913 2090 septem
946 2006 1097 2092 iactae-68

77 2092 228 2176 reliquias
264 2091 408 2156 umbil1ci
415 2142 424 2174 ,
461 2095 494 2155 et
527 2095 601 2176 post
634 2092 683 2157 bis
711 2093 834 2176 septem
861 2091 978 2175 incipit
1006 2091 1046 2155 ad

77 2177 187 2241 lumen
226 2177 313 2241 uisus
351 2176 418 2241 eius
452 2177 575 2241 moueri
615 2179 647 2241 et
674 2179 749 2262 post
776 2177 893 2260 septies
924 2178 1047 2259 septem

38 2282 63 2320 as
76 2262 176 2326 libere
198 2263 265 2326 iam
292 2264 325 2326 et
352 2260 489 2360 pupulas
528 2264 561 2326 et
587 2264 691 2326 totam
718 2261 837 2326 faciem
874 2260 973 2325 uertit
1007 2260 1047 2324 ad

76 2351 181 2412 motus
203 2347 349 2433 singulos
371 2346 591 2411 urdendorum.
625 2350 700 2431 post
721 2349 845 2431 septem
866 2366 943 2410 uero
957 2346 1097 2412 men-69

77 2454 127 2496 ses
159 2431 271 2497 dentes
294 2432 456 2516 incipiunt
483 2431 678 2496 mandibulis
701 2451 881 2517 emergere,
913 2433 946 2495 et
971 2432 1047 2515 post

77 2517 126 2579 bis
149 2519 272 2599 septem
305 2517 394 2582 sedet
421 2517 491 2582 sine
521 2538 613 2582 casus
640 2516 770 2582 timore:
803 2518 877 2600 post
904 2517 955 2579 ter
976 2535 1046 2598 sep-

76 2604 144 2664 tem
172 2621 268 2664 sonus
297 2602 364 2666 eius
392 2602 427 2666 in
454 2602 554 2666 uerba
580 2601 778 2685 prorumpit,
802 2602 835 2665 et
867 2602 942 2683 post
970 2621 1046 2684 qua-

38 2703 63 2743 31
77 2689 127 2748 ter
155 2687 278 2768 septem
303 2706 371 2749 non
399 2684 501 2749 solum
529 2688 595 2750 stat
616 2685 751 2750 firmiter
773 2685 829 2749 sed
854 2688 886 2749 et
907 2684 1045 2751 incedit:

77 2772 151 2853 post
172 2769 340 2853 quinquies
356 2772 480 2852 septem
493 2769 559 2834 inci
584 2769 612 2833 it
625 2769 677 2834 lac
690 2769 828 2835 nutricis
849 2769 1044 2852 horrescere,

77 2854 141 2918 nisi
169 2854 254 2917 forte
283 2853 323 2917 ad
352 2853 545 2938 patientiam
561 2791 727 2938 longioris
754 2874 830 2918 usus
857 2854 1046 2919 continuata

78 2937 306 3004 consuetudine
329 2936 552 3022 protrahatur.‘
568 2942 642 3025 post
663 2959 765 3003 annos
787 2941 911 3022 septem
932 2938 1045 3003 dentes
1056 2940 1098 3007 70

145 3112 297 3175 2drmergr
314 3110 340 3158 B
417 3108 554 3161 tumoris
567 3101 600 3159 P‘
669 3109 893 3176 'lmagnrtudrne
910 3108 936 3159 B
1005 3109 1046 3160 ret

77 3171 110 3228 B'
181 3178 329 3230 8menbra
347 3179 372 3228 P
457 3179 489 3228 10
508 3177 659 3228 ebdomade
677 3179 709 3242 P,
730 3178 883 3254 epdomade
901 3176 927 3227 B
1014 3180 1046 3229 13

78 3246 229 3298 ebdomade
248 3246 297 3295 PB
378 3245 409 3294 14
427 3260 482 3296 ram
500 3260 548 3296 om.
566 3245 591 3295 P
659 3247 774 3297 15111111
798 3247 823 3296 P
898 3244 1046 3296 1911111111

77 3314 126 3362 PB
212 3317 245 3365 22
267 3320 326 3380 post
350 3315 440 3364 iactat
460 3314 509 3367 del.
527 3328 556 3363 rn
574 3315 600 3364 ia
617 3312 643 3362 B
730 3316 764 3366 30
787 3320 849 3379 post
876 3311 930 3364 stat
948 3313 998 3366 del.
1016 3327 1046 3362 m

76 3384 103 3432 a
121 3381 146 3431 Β

828 3460 904 3525 bn*
