2362 3878
457 183 571 249 xviiii,
589 176 698 228 14-24
1006 165 1070 233 329

102 357 172 398 ram
193 335 290 399 mersi
313 335 416 399 denuo
437 335 512 399 inde
534 335 654 400 reuersi
677 338 763 399 sunt.
793 357 855 400 nec
875 336 973 420 longe
994 335 1070 400 inde
1080 335 1122 400 19

102 421 192 484 lacus
214 420 327 484 breues
349 423 425 484 sunt
446 420 559 484 sedin
579 419 762 484 inmensum
783 419 950 504 profundi,
974 442 1070 505 aqua·

102 526 173 568 rum
204 504 418 589 scaturrigine
445 526 571 588 semper
597 504 804 588 ebullientes,
839 525 917 652 luos
944 505 1069 569 incolae

104 592 244 654 crateras
266 592 386 653 uocant
401 592 434 653 et
447 591 577 654 nomine
592 588 729 654 Dellos
752 589 918 673 appelant
938 588 1069 653 fratres-

77 694 164 757 sque
187 694 240 738 eos
262 672 444 739 Palicorum
466 674 657 758 aestimant,
686 676 719 738 et
741 673 903 738 habentur
923 672 960 737 in
981 673 1071 738 cultu

103 758 242 822 maximo
264 760 500 843 praecipueque
523 758 609 823 circa
632 758 825 844 exigendum
838 758 929 822 iuxta
952 778 1005 822 eos
1020 757 1069 822 ius

103 843 275 909 iurandum
289 864 441 927 praesens
456 847 489 908 et
504 843 619 908 efficax
633 865 754 908 numen
776 842 965 908 ostenditur.
994 842 1124 907 nam20

105 949 176 991 cum
190 928 270 992 furti
284 928 396 1013 negati
410 929 463 992 uel
478 929 629 1013 cuiusque
643 928 731 993 modi
744 927 791 992 rei
806 928 885 992 fides
907 927 1071 1012 quaeritur

105 1016 136 1076 et
156 1013 206 1076 ius
221 1013 392 1077 iurandum
407 1035 426 1077 a
441 1016 588 1097 suspecto
608 1013 746 1097 petitur,
768 1015 902 1097 uterque
922 1012 963 1076 ab
983 1011 1072 1076 omni

68 1118 91 1156 io
105 1098 297 1196 contagione
333 1098 445 1162 mundi
478 1098 520 1162 ad
553 1101 694 1162 crateras
727 1097 903 1196 accedunt,
938 1099 1071 1181 accepto

103 1182 995 1351 111111111111212111111111111
1005 1181 1072 1331 lli
1081 1264 1122 1329 21

104 1351 254 1416 inuocato
281 1352 344 1417 loci
365 1353 497 1416 numine
518 1355 675 1418 testatum
695 1352 837 1417 faciebat
858 1372 928 1417 esse
948 1351 1072 1415 iurator

105 1435 144 1499 de
167 1457 230 1520 quo
251 1437 383 1501 iuraret.
428 1437 511 1521 quod
533 1438 561 1502 si
582 1438 720 1503 fideliter
740 1437 865 1502 faceret
886 1435 1072 1501 discedebat

67 1540 91 1579 15
104 1520 261 1605 inlaesae,
294 1523 321 1585 si
350 1543 426 1586 uero
459 1523 603 1587 subesset
629 1523 691 1587 iuri
721 1522 857 1588 iurando
884 1522 971 1586 mala
998 1541 1072 1586 con-

105 1606 256 1689 scientia,
279 1628 354 1670 mox
375 1608 411 1670 in
432 1606 506 1670 lacu
521 1607 691 1672 amittebat
705 1607 808 1671 uitam
821 1607 923 1672 falsus
937 1607 1070 1670 iurator.

105 1690 184 1754 haec
214 1713 264 1756 res
296 1692 344 1755 ita
375 1691 565 1777 religionem
592 1692 732 1756 fratrum
762 1691 1007 1756 commendabat
1036 1693 1073 1754 ut

107 1779 245 1840 crateres
268 1777 395 1859 quidem
422 1776 709 1860 inplacabileS,
735 1774 837 1840 Palici
859 1778 967 1840 autem
1015 1775 1072 1838 la-

107 1860 258 1924 cabiles
280 1864 484 1925 uocarentur.
521 1883 581 1926 neo
604 1861 673 1926 sine
696 1859 895 1924 diuinatione
918 1862 967 1924 est
988 1798 1072 1924 Pali·
1081 1858 1126 1922 22

68 1963 93 2002 co
108 1965 216 2007 corum
243 1944 409 2028 templum.
454 1966 531 2009 nam
559 1967 630 2009 cum
658 1943 801 2009 Siciliam
827 1943 945 2008 sterilis
968 1965 1073 2008 annus

107 2028 309 2110 arefecisset,
333 2029 443 2092 diuino
464 2028 648 2094 Palicorum
669 2049 824 2125 responso
847 2028 1003 2092 admoniti
1026 2029 1073 2093 Si-

107 2113 169 2176 culi
191 2112 280 2176 heroi
304 2112 431 2176 cuidam
453 2116 576 2179 certum
597 2113 789 2177 sacrificium
818 2112 1071 2195 celebrauerunt,

107 2201 139 2262 et
166 2198 301 2262 reuertit
326 2197 466 2262 ubertas.
511 2219 575 2283 qua
604 2197 712 2282 gratia
734 2195 833 2262 Siculi
855 2218 948 2260 omne
971 2217 1074 2280 genus

106 2283 237 2368 frugum
271 2285 502 2367 congesserunt
533 2283 570 2347 in
597 2304 686 2346 aram
713 2280 912 2364 Palicorum,
944 2302 983 2344 cx
1011 2302 1074 2364 qua

68 2368 253 2433 canbertate
282 2387 338 2431 ara
365 2368 436 2451 ipsa
468 2367 632 2453 pinguis
665 2368 781 2431 uocata
812 2369 872 2430 est.
917 2365 997 2430 haec
1025 2365 1127 2429 est23

107 2454 210 2517 omnis
237 2453 372 2517 historia
400 2474 482 2537 quae
509 2454 548 2518 de-
575 2451 694 2517 Palicis
721 2471 891 2535 eorumque
918 2449 1073 2515 fratribus
1175 2520 1177 2525 .

106 2538 142 2600 in
158 2537 289 2602 Graecis
303 2541 431 2603 tantum
445 2538 539 2603 modo
552 2536 671 2602 litteris
685 2535 867 2634 inuenitur,
888 2557 967 2620 quas
982 2533 1074 2599 Maro

107 2621 743 2792 lismtfflrttltbattalaia
765 2621 852 2772 cll
880 2621 1128 2770 llblllssa

176 2960 310 3012 2breues
327 2977 374 3012 om.
393 2955 424 3012 R'
492 2962 650 3014 immensum
672 2964 719 3015 PR
804 2963 821 3013 8
844 2963 976 3028 cuiusque
1002 2960 1076 3011 modi

107 3032 216 3094 scripsi:
234 3029 417 3080 cuiuscemodi
434 3030 481 3080 PB
567 3033 596 3080 11
617 3046 635 3080 a
652 3032 767 3096 persona
784 3047 833 3086 om.
851 3031 877 3082 P
961 3029 992 3079 12
1014 3029 1075 3079 illic

109 3099 341 3164 Cantabripi'cnsia:
369 3096 417 3147 ille
443 3097 492 3148 PR
578 3100 610 3150 15
636 3098 731 3149 illesus
756 3099 781 3148 P
866 3099 898 3150 18
925 3101 1035 3163 cratere
1052 3097 1078 3145 P

176 3165 374 3231 implacabiles
387 3166 435 3216 PR
502 3164 591 3231 palies
609 3170 702 3217 autem
719 3165 876 3232 placabiles
890 3167 973 3217 om.R
1043 3166 1075 3214 19

109 3284 148 3334 est
166 3302 213 3336 om.
233 3285 258 3334 P
325 3287 356 3335 21
376 3283 589 3350 spaliccrumR
657 3286 690 3336 23
709 3283 792 3335 siculo
810 3275 843 3336 P'
910 3286 944 3334 24
961 3246 1075 3348 frigam

110 3350 170 3413 (fait
186 3352 207 3416 i)
226 3353 249 3403 R
318 3354 351 3402 26
368 3353 398 3403 hi
415 3353 442 3402 in
459 3351 572 3402 histonii
588 3353 616 3402 in
627 3367 681 3402 ros.
693 3354 720 3402 in
732 3353 763 3415 P,
782 3354 874 3404 deinde
891 3352 1000 3417 palicop
1013 3352 1075 3401 add.

108 3420 134 3467 P
200 3418 560 3486 aalat1n0³(ainraa)c
644 3421 678 3470 29
699 3418 803 3470 suntin
820 3435 873 3472 rac.
891 3420 960 3470 inP
1028 3433 1075 3467 ae-

109 3485 189 3536 schili
206 3488 253 3538 PR
