2362 3878
388 188 446 254 xv,
463 180 583 233 24-32.
606 186 684 253 xvi,
703 180 779 231 1-2
1004 169 1067 235 631

98 340 220 404 minem
246 360 313 404 non
341 341 459 403 mouet.
505 339 678 403 uidendum
705 360 746 403 ne
774 339 858 403 forte
886 339 1014 404 animae
1037 339 1121 405 et30

98 422 240 508 corporis
263 424 333 507 ipsa
356 424 527 507 permixtio
549 423 637 487 hunc
659 423 722 488 sibi
748 427 872 487 motum
893 424 1065 488 ministret.

96 510 153 574 sed
175 509 250 593 quia
272 511 400 573 constat
421 512 543 573 motum
566 508 691 592 corpori
712 530 778 572 non
805 508 926 592 inesse,
954 510 983 573 si
1007 530 1069 573 nec

97 595 223 657 animae
245 595 341 674 inest,
365 614 404 656 ex
426 594 549 657 duabus
571 593 665 656 rebus
687 596 778 657 motu
800 593 983 657 carentibus
997 593 1068 657 nul-

69 679 146 742 slus
174 681 279 743 motus
309 677 462 756 efficit-iii,
498 678 582 743 sicut
608 699 669 742 nec
699 699 739 742 ex
766 677 889 742 duabus
921 677 1068 742 dulcibus

97 763 276 827 amaritudo
303 784 365 827 nec
387 784 426 826 ex
453 763 575 827 duabus
603 763 720 827 amaris
746 761 878 826 dulcedo
899 763 1069 847 proueniet

96 869 157 912 nec
179 869 218 912 ex
240 847 370 932 gemino
391 847 513 932 frigore
541 846 628 911 calor
656 850 712 911 aut
738 847 844 932 frigus
872 868 912 912 ex
937 848 1068 932 gemino

97 933 202 997 calore
223 935 389 1016 nascetur,
413 932 517 996 omnis
539 932 626 997 enim
647 933 785 1016 qualitas
805 932 971 1018 geminata
987 953 1069 996 eres-

97 1018 156 1100 cit,
188 1038 364 1102 numquam
393 1038 432 1081 ex
460 1017 629 1101 duplicatis
662 1017 821 1081 similibus
855 1017 1068 1082 contrarietas

56 1121 83 1162 10
96 1102 247 1186 emergit:
270 1123 347 1187 ergo
369 1123 430 1167 nec
452 1124 491 1167 ex
513 1101 635 1167 duabus
650 1102 857 1166 inmobilibus
872 1105 978 1166 motus
994 1102 1065 1184 erit,

94 1187 257 1250 hominem
278 1188 381 1273 igitur
401 1187 572 1271 permixtio
594 1208 658 1251 non
682 1188 835 1252 monebit.
880 1187 957 1251 hiiic
979 1185 1117 1265 inex-,31

87 1271 280 1357 *pugnabilis
307 1272 512 1357 syllogismus
535 1293 574 1336 ex
602 1272 821 1336 confessarum
847 1292 954 1336 reruni
976 1271 1067 1339 indu-

95 1356 221 1419 bitabili
242 1356 312 1421 luce
335 1357 498 1443 colligitur
520 1357 670 1421 animal
697 1359 891 1440 mouetur,
920 1359 1067 1420 motum

95 1443 226 1505 autern
249 1441 414 1505 animali
436 1445 504 1507 aut
526 1441 657 1506 anima
684 1444 870 1526 praestat
892 1444 960 1505 aut
983 1463 1066 1505 cor-

56 1541 165 1608 ispus
197 1527 265 1588 aut
300 1547 345 1589 ex
381 1529 547 1610 utroque
583 1527 803 1610 permixtio
838 1527 906 1591 sed
941 1546 1067 1610 neque

96 1630 240 1693 corpus
267 1631 394 1693 neque
421 1611 637 1694 permixtio
658 1615 804 1675 motum
830 1613 1065 1695 praestat,

94 1695 225 1778 igitur
240 1695 378 1771 ⁴anima
399 1698 543 1760 motum
565 1698 759 1779 praestat.
804 1716 844 1758 ex
865 1694 916 1757 liis
932 1694 1117 1778 apparet32

95 1779 237 1842 animam
264 1780 393 1844 initium
418 1783 524 1844 motus
552 1800 636 1861 esse,
668 1779 798 1842 initium
826 1781 932 1842 autern
959 1780 1066 1842 motus

94 1865 251 1927 tractatus
273 1864 417 1946 superior
431 1863 540 1927 docuit
553 1883 611 1946 per
625 1883 659 1926 se
674 1863 806 1945 moueri,
831 1862 973 1926 animam
988 1883 1066 1948 ergo

55 1962 81 2004 ao
95 1945 319 2030 αὐτοκίνητον
342 1967 411 2011 esse
431 1947 466 2010 id
494 1949 543 2010 est
567 1967 681 2030 perse
708 1947 830 2012 moueri
857 1946 948 2011 nulla
976 1947 1065 2011 dubi·

93 2032 176 2095 tatio
198 2033 257 2095 est.
851 2062 854 2067 ,

156 2164 222 2230 Hic
236 2165 290 2230 ille
304 2187 413 2230 rursus
429 2165 502 2231 oblo
525 2166 612 2230 uitur
634 2169 667 2230 et
689 2167 753 2230 alia
775 2166 814 2230 de
836 2166 939 2231 initiis
962 2167 1025 2232 dis-
1037 2165 1117 2233 XVI

93 2251 263 2334 putatione
285 2250 446 2336 confligit,
471 2188 582 2315 eadem
604 2250 691 2316 enim
709 2251 764 2315 hic
778 2251 930 2315 soluendo
943 2253 1065 2336 repete·

93 2358 164 2401 mus
186 2358 268 2421 quae
290 2357 387 2420 supra
400 2336 436 2400 in
452 2335 596 2400 ordinem
611 2335 737 2400 obiecta
751 2336 952 2432 digessimus.
987 2358 1066 2401 nori

54 2423 261 2505 aspossunt
287 2421 394 2505 inquit
421 2421 553 2485 eadem
580 2421 717 2485 initiis
745 2442 827 2485 suis
855 2441 939 2485 esse
967 2442 1065 2505 quae

94 2505 184 2569 inde
210 2509 433 2571 nascuntur
461 2509 499 2570 et
525 2506 614 2571 ideo
643 2506 828 2589 animam,
862 2526 960 2589 quae
987 2505 1065 2569 ini-

94 2590 192 2654 tium
214 2594 340 2655 motus
364 2593 439 2675 est,
463 2611 540 2655 iion
562 2591 709 2655 moueri
730 2612 779 2655 iic
801 2589 1064 2655 idemsitini·

93 2674 193 2737 tium
226 2677 264 2737 et
296 2676 395 2758 quod
427 2676 471 2740 de
504 2675 625 2740 initio
652 2676 835 2740 nascitur
861 2673 901 2738 id
929 2677 989 2739 est
1016 2696 1064 2739 ne

94 2761 221 2822 motus
243 2779 287 2822 ex
301 2759 883 2844 motuprocessisseuideatur.
929 2757 1103 2824 adhaec2

54 2860 82 2902 ao
94 2842 200 2906 facilis
223 2845 255 2906 et
277 2842 423 2907 absoluta
444 2843 610 2927 responsio
633 2846 698 2925 est,
726 2844 815 2927 quia,
843 2846 881 2908 ut
902 2844 1080 2929 principia-

94 2927 228 2991 ethaeo
255 2928 397 3012 quaeda
424 2928 592 3012 principiis
619 2928 779 3012 prodeunt
804 2929 838 2993 iu
864 2928 970 3014 aliquo
997 2950 1065 2993 noii

160 3152 326 3201 2or'imixtio
343 3148 369 3198 B
425 3148 579 3200 ministrent
597 3149 637 3201 set
655 3149 680 3200 B
749 3154 839 3202 bnon
857 3150 911 3202 elle
929 3150 979 3201 PB
1047 3152 1064 3200 6

95 3234 128 3268 ex
146 3234 193 3271 om.
212 3218 238 3267 B
323 3220 356 3269 10
382 3216 568 3268 immobilibus
581 3217 654 3268 BP.
718 3220 748 3269 11
771 3223 909 3284 pmixtio*
927 3220 953 3269 P
1031 3219 1064 3269 12

94 3285 247 3349 silogismos
260 3285 287 3335 B
353 3284 540 3336 indubitabile
557 3294 586 3336 ut
601 3288 654 3337 uid.
673 3279 706 3336 P'
774 3288 806 3338 19
825 3303 918 3338 anima
935 3286 962 3336 B
1030 3287 1064 3336 20

93 3351 203 3406 ΑΥΤΟ-
228 3356 255 3405 in
281 3369 335 3404 ras.
357 3356 383 3404 ln
404 3354 429 3403 P
514 3355 548 3404 22
573 3369 655 3419 super
680 3354 714 3404 de
740 3356 830 3405 initiis
857 3357 918 3407 add.
942 3354 974 3404 de
1001 3368 1064 3418 pro·

94 3422 228 3540 positislp
298 3424 331 3473 25
358 3420 454 3487 inquid
471 3413 503 3471 F
570 3424 605 3474 28
626 3422 655 3472 id
677 3419 730 3488 est]
753 3422 828 3473 idem
844 3423 871 3472 B
938 3423 971 3473 31
989 3436 1066 3488 prin-
1122 3488 1125 3493 Ι

93 3504 169 3547 cipiu
