2362 3878
431 190 460 256 1,
477 183 521 235 20.
543 182 692 259 11,·1-1o
980 175 1045 240 249

78 345 164 409 inter
196 342 347 408 historias
381 344 503 406 celeras
531 341 681 407 interitus
714 364 838 427 quoque
865 344 980 410 Troiae
1009 345 1045 411 in

78 431 165 495 hune
186 427 316 492 modum
338 426 459 491 relaius
482 430 547 511 est,
571 448 652 510 quae
674 426 766 492 Mero
787 427 924 494 fideliler
945 430 1044 496 inter-

78 514 235 600 pretando
263 512 441 576 fabricatus
468 512 529 576 sibi
557 514 608 576 esi
633 512 752 578 Iliacae
779 513 867 577 urbis
893 513 1045 580 ruinam?
1090 581 1096 589 ,

79 600 134 665 sed
150 598 277 664 ethaeo
292 600 324 661 et
343 596 423 660 talia
444 597 552 681 pueris
575 597 747 661 decantata
767 601 944 683 praetereo.
982 600 1046 665 iarn
1061 594 1096 664 θ’

52 703 154 749 suero
182 682 302 748 Aeneis
334 681 406 766 ipsa
433 703 542 747 nonne
570 682 611 747 ab
637 680 778 747 Homero
805 682 872 747 'sibi
900 686 1045 749 mutuata

79 773 128 834 est
155 790 295 833 errorem
320 768 459 851 primurn
486 788 525 831 ex
553 766 711 851 Odyssea,
741 767 856 832 deinde
884 790 923 833 ex
944 767 1045 835 Iliade

78 853 229 939 pugnas?
252 852 326 937 quia
344 852 448 935 operis
470 852 615 916 ordinem
636 851 819 918 necessario
840 874 946 919 rerum
968 855 1045 919 ordo

79 938 218 1004 mutauit
224 988 233 1022 ,
259 959 330 1002 oum
353 936 437 1022 apud
459 935 636 1001 Homerum
679 937 747 1001 rius
768 937 904 1021 Iliacum
926 937 1046 1003 bellum
1117 946 1121 951 '

79 1027 207 1109 gestum
234 1023 293 1105 sit,
322 1021 436 1086 deinde
457 1022 634 1086 reuertenti
656 960 695 1086 ie
717 1021 814 1086 Trois
835 1044 924 1087 error
945 1024 1047 1087 conli-

42 1111 165 1258 *esd
191 1107 414 1275 lupuli
433 1105 703 1256 leude?
725 1107 1046 1258 desudet-{⁰

79 1300 188 1343 rursus
237 1298 363 1342 omerus
377 1277 413 1340 in
427 1276 548 1361 prim0,
573 1298 645 1341 cum
666 1213 765 1342 uefiet
786 1215 933 1362 iniquum
949 1277 1084 1349 Grae-'l

80 1364 125 1427 cis
148 1362 334 1446 Apollinem
360 1361 485 1444 facere,
515 1383 645 1426 causam
671 1363 790 1427 struxit
811 1362 850 1426 de
871 1363 1046 1427 sacerdolis

79 1448 211 1512 iniuria:
244 1445 299 1511 hic
325 1449 363 1509 ut
388 1444 538 1511 Troianis
559 1445 716 1511 lunonem
737 1447 860 1512 faceret
880 1447 1044 1531 infestum

42 1549 67 1590 15
81 1554 248 1596 causarum
271 1531 332 1594 sibi
355 1532 538 1616 congeriem
561 1531 762 1616 conparauit.
791 1554 853 1597 nec
874 1532 954 1597 illud
977 1533 1084 1598 cum8

79 1638 200 1702 magna
235 1637 311 1681 cura
342 1615 502 1680 relalurus
529 1638 600 1680 sum
607 1665 617 1701 ‚
650 1616 727 1681 licet
753 1619 791 1682 ul
818 1618 952 1683 aestimo
980 1639 1047 1682 non
1153 1668 1158 1681 .

81 1702 229 1767 omnibus
251 1701 472 1784 obserualmm,
517 1701 581 1765 uod
603 1722 675 1765 cum
695 1701 800 1786 primo
820 1724 917 1767 uersu
930 1702 1047 1787 promi·

80 1788 174 1851 sisset
195 1786 425 1870 producturum
447 1808 481 1851 se
496 1723 543 1850 le
565 1785 680 1849 Troiae
701 1786 820 1851 finibus
843 1787 978 1852 Aenean

283 1869 399 1935 Troiae
420 1871 476 1954 qui
497 1871 620 1954 primus
643 1869 683 1934 ab
704 1871 768 1935 oris

42 1973 68 2014 so
122 1956 252 2104 {italiam
273 1955 342 2019 faio
364 1955 520 2039 profugus
542 1954 728 2038 Lauinaque
749 1956 840 2019 uenit

147 2043 234 2105 liora

80 2125 136 2190 ubi
158 2125 198 2189 ad
220 2125 351 2189 ianuam
372 2123 525 2188 narrandi
548 2124 655 2206 uenit,
672 2123 802 2187 Aeneae
826 2123 960 2188 classem
981 2145 1048 2189 non

81 2211 120 2275 de
142 2210 239 2274 Trois
261 2209 317 2275 sed
339 2209 378 2274 de
401 2207 511 2274 Sicilia
532 2207 680 2292 producit

123 2295 179 2359 uix
201 2316 218 2359 e
241 2298 416 2378 eonspeelu
439 2292 565 2359 Siculae
585 2291 710 2357 telluris
731 2293 767 2356 in
790 2291 891 2357 altum

43 2396 68 2436 2⁵
123 2380 196 2444 uela
218 2380 341 2445 dabant
356 2379 449 2445 laeli.

80 2465 165 2549 quod
186 2467 291 2529 totum
311 2463 491 2529 Homericis
513 2462 577 2527 filis
598 2461 712 2528 lexuil.
756 2461 812 2527 ille
834 2461 921 2527 enim
942 2463 1086 2529 uitans9

81 2551 116 2614 in
143 2553 290 2633 poemate
318 2549 543 2614 historicorum
570 2546 829 2632 similitudinem,
860 2547 975 2632 quibus
996 2547 1049 2613 lex

82 2637 133 2697 est
153 2634 295 2716 incipere
318 2634 359 2698 cb
385 2633 515 2699 exordio
541 2655 649 2698 rerum
670 2634 703 2696 el
724 2634 911 2697 continuam
938 2653 1048 2697 narra-

83 2717 204 2780 lionem
226 2717 267 2780 ad
288 2717 385 2783 finem
406 2740 507 2803 usque
533 2719 723 2803 perducere,
753 2717 822 2801 ipse
848 2717 975 2801 poetica
1003 2718 1049 2781 di-

45 2819 70 2858 so
84 2798 221 2883 seiplina
249 2822 268 2863 a
296 2821 402 2865 rerum
428 2802 533 2867 medio
561 2802 666 2887 coepit
692 2804 727 2866 el
753 2802 795 2866 ad
821 2802 950 2867 initium
976 2805 1051 2899 post

83 2904 231 2949 reuersus
260 2887 317 2947 esi.
366 2907 443 2970 ergo
475 2886 580 2952 Vlixis
617 2908 756 2952 errorem
787 2909 855 2951 non
884 2886 1002 2970 inciprt
1031 2886 1102 2950 aro

83 2969 224 3033 Troiano
251 2968 361 3032 littore
387 2969 566 3036 describere
593 2972 649 3037 sed
670 2972 752 3036 facit
774 2992 846 3036 eum
867 2971 971 3055 primo
992 2993 1050 3035 na·

83 3056 251 3140 uigentem
279 3052 318 3117 de
344 3052 450 3117 insula
473 3052 677 3141 Calypsonis,
712 3059 745 3120 et
771 3077 811 3121 ex
832 3076 970 3139 persona
992 3077 1050 3120 sua

152 3247 183 3295 19
200 3242 335 3295 Aen.Il
404 3241 577 3297 24ib,184

150 3433 167 3480 4
186 3436 213 3482 et
231 3439 290 3482 ante
308 3429 379 3481 taho
397 3445 444 3482 om.
462 3422 496 3479 P'
562 3430 579 3479 6
597 3428 703 3481 odisses
721 3430 746 3480 P
812 3432 846 3481 28
863 3429 1050 3479 narrationem

85 3498 241 3565 Cuntadrr'p.:
259 3504 393 3551 rationem
411 3499 438 3548 P
504 3499 537 3550 30
555 3498 672 3565 cepit?
747 3500 780 3551 38
798 3494 986 3562 culrplourll’
