2362 3878
172 219 233 283 100
588 232 686 279 maru
707 231 720 278 1

172 389 348 470 citabatur,
379 387 536 451 inuasisse
559 406 657 449 cunas
680 385 810 450 deorum
831 384 1080 471 Apollinemque
1101 385 1135 450 in

119 475 161 540 53
170 475 274 560 prima
296 472 436 536 infantia
458 470 587 555 sagittis
609 470 736 534 beluam
759 470 944 535 confecisse.
983 471 1070 555 quod
1090 471 1136 536 ita

169 556 424 642 intellegendum
451 555 609 620 naturalis
638 555 721 620 ratio
744 554 951 620 demonstrat.
996 577 1135 641 namque

169 647 244 742 post
275 643 369 707 chaos
396 641 464 704 ubi'
478 641 619 725 primum
652 640 758 725 coepit
788 641 921 705 confusa
948 640 1135 707 deformitas

169 751 205 793 1n
227 749 334 793 rerum
355 726 475 790 formas
497 729 531 789 et
551 725 587 789 in
609 726 768 791 elementa
790 725 966 790 enitescere
985 729 1075 791 terra
1097 746 1158 791 ue⁵

170 813 275 877 adhue
307 812 416 875 umida
449 810 630 874 substantia
667 811 703 875 in
736 809 825 875 molli
859 813 955 895 atque
990 748 1137 877 instaiili

171 898 245 962 sede
272 899 419 979 nutaret,
456 894 702 960 conualesceute
731 894 888 980 paulatim
915 896 1058 961 aetherio
1087 919 1136 962 ea·

169 984 238 1046 lore
265 983 360 1065 atque
388 980 464 1044 inde
485 980 660 1044 seminibus
687 981 723 1044 in
751 1002 821 1044 eam
842 981 947 1065 igneis
969 981 1136 1046 defluenti-

169 1068 229 1131 bus
251 1067 332 1131 haec
354 1066 458 1130 sidera
480 1065 566 1129 edita
588 1087 656 1129 esse
680 1065 869 1149 ereduntur,
893 1069 927 1130 et
946 1065 1047 1130 solem
1069 1066 1136 1151 qui-

171 1153 243 1217 dem
271 1152 411 1216 maxima
436 1150 471 1214 ui
494 1149 608 1214 caloris
630 1150 665 1213 in
687 1171 827 1234 superna
851 1153 997 1234 raptum,
1025 1150 1136 1216 lunam
1149 1171 1171 1210 ro

170 1257 246 1300 uero
268 1235 424 1299 umidiore
449 1239 482 1298 et
501 1234 592 1298 uelut
619 1234 759 1299 femineo
781 1256 860 1299 sexu
888 1236 1032 1299 natiuali
1059 1257 1136 1320 quo-

171 1323 246 1384 dam
272 1341 416 1404 pressam
444 1322 573 1404 tepore,
600 1320 754 1384 interiora
781 1319 938 1403 tenuisse,
972 1322 1137 1405 tamquam

169 1405 223 1469 ille
251 1405 356 1489 magis
383 1404 565 1468 substantia
586 1405 689 1489 patris
718 1407 860 1488 constet,
897 1405 977 1470 haec
1006 1406 1136 1470 matris:

119 1490 197 1555 orsi
216 1489 344 1573 quidem
358 1487 515 1553 Latonam
536 1489 663 1573 physici
677 1491 791 1553 uolunt
805 1493 927 1554 terram
940 1489 1061 1574 uideri,
1086 1491 1137 1555 cui

171 1575 225 1639 diu
246 1574 426 1638 interuenit
446 1574 545 1656 Iuno,
574 1596 616 1638 ne
638 1575 773 1639 numina
798 1595 882 1658 quae
904 1575 1042 1640 diximus
1066 1577 1172 1639 ede-1⁵

170 1661 298 1723 rentur:
326 1657 388 1723 hoc
410 1662 460 1723 est
481 1680 551 1740 aer,
575 1659 631 1743 qui
652 1663 732 1724 tunc
751 1659 877 1723 umidus
893 1659 997 1724 adhuc
1013 1660 1136 1745 grauis·

171 1765 231 1829 que
254 1744 405 1808 obstabat
426 1743 550 1808 aetheri
569 1766 611 1808 ne
630 1744 739 1828 fulgor
759 1743 917 1808 luminum
938 1765 996 1828 per
1018 1745 1136 1810 umoris

172 1829 250 1894 aerii
277 1828 470 1893 densitatem
497 1832 662 1913 tamquam
689 1850 706 1893 e
734 1829 899 1893 cuiusdam
925 1832 1038 1914 partus
1065 1851 1137 1914 pro·

119 1915 161 1980 55
171 1914 335 2000 gressione
361 1914 511 1998 fulgeret.
562 1914 616 1978 sed
649 1913 778 1977 diuinae
808 1914 1032 1997 prouidentiae
1058 1915 1138 1980 uicit

170 1999 344 2082 instantia,
369 2021 450 2083 quae
473 1998 613 2063 creditur
633 1998 752 2062 iuuisse
772 2001 911 2081 partum.
948 1999 1021 2064 ideo
1038 2000 1074 2062 in
1088 2000 1136 2064 in·
1149 2017 1174 2057 20

171 2086 241 2150 sula
255 2084 336 2149 Delo
360 2085 400 2148 ad
423 2084 677 2148 confirmandam
698 2083 794 2147 fidem
807 2083 936 2148 fabulae
950 2084 1046 2149 aedes
1059 2083 1137 2149 Pro·

169 2170 354 2252 1111111111,Ι
372 2191 470 2253 quam
491 2169 577 2233 ναὸν
598 2170 770 2251 Προνοίας
788 2165 931 2252 Ἀθηνᾶς
958 2190 978 2232 1
1000 2166 1135 2253 pellant,

119 2255 160 2319 56
172 2258 248 2338 apta
263 2253 420 2337 religione
436 2252 624 2317 celebratur.
668 2256 839 2337 propterea
855 2253 890 2317 in
905 2254 956 2317 ins
992 2254 1137 2319 edicun-

170 2343 224 2400 tur
246 2338 332 2419 nati,
362 2336 445 2419 quod
471 2358 510 2400 ex
532 2337 613 2400 mari
635 2338 729 2401 nobis
751 2338 828 2402 oriri
849 2338 1011 2403 uidentur.
1057 2340 1137 2404 haec

169 2421 276 2484 insula
297 2421 368 2484 ideo
382 2419 480 2484 Delos
502 2424 650 2503 uocatur,
675 2422 750 2505 quia
765 2426 855 2487 ortus
870 2426 903 2487 et
916 2423 1009 2508 quasi
1024 2432 1136 2510 partus
1149 2440 1173 2480 2⁵

169 2504 327 2568 luminum
349 2505 457 2567 omnia
478 2504 560 2568 facit
582 2506 668 2589 δῆλα
689 2506 723 2569 id
744 2509 794 2571 est
815 2511 926 2591 aperta
949 2508 1135 2574 clarescere.

119 2590 250 2656 57haeo
273 2592 321 2654 est
343 2591 450 2654 autem
472 2589 511 2654 de
532 2611 612 2654 nece
634 2590 781 2655 draconis
801 2594 885 2656 ratio
902 2593 1077 2675 naturalis,
1101 2596 1138 2656 ut

171 2674 283 2739 scribit
305 2675 514 2738 ANTIPATER
536 2674 694 2741 Sr010vs.
739 2699 828 2740 nam
854 2681 990 2742 terrae
1014 2679 1138 2743 adhuc

169 2759 325 2823 umidae
353 2760 558 2824 exhalatio
590 2761 753 2824 meando
782 2761 823 2824 in
856 2783 1000 2846 supera
1027 2762 1137 2827 uolu-

169 2843 245 2908 bili
272 2844 423 2928 impetu
450 2848 566 2928 atque
592 2844 684 2909 iude
712 2866 812 2928 sese,
841 2849 1048 2931 postquam
1076 2865 1173 2912 cau

169 2928 323 2992 lefacta
356 2932 431 3012 est,
466 2930 598 2994 instar
631 2930 833 3014 serpentis
864 2931 1068 2996 mortiferi
1096 2933 1137 2996 in

237 3135 348 3200 despit
365 3136 390 3184 P
455 3135 623 3186 bmtescere
641 3136 667 3184 P
737 3136 881 3186 thumida
899 3138 925 3187 P
973 3154 1003 3187 in
1021 3154 1068 3189 ora
1088 3138 1139 3188 BP

172 3206 201 3251 11
221 3202 370 3254 humidiore
389 3205 415 3252 P
465 3205 498 3253 14
516 3202 615 3267 ph1sici
633 3203 659 3252 P
726 3205 757 3253 16
774 3203 903 3254 humidus
916 3206 941 3255 P
1009 3208 1041 3257 17
1059 3206 1137 3256 lumi-

170 3286 234 3320 num
252 3296 286 3305 —-
307 3273 339 3320 18
356 3269 541 3337 progreffione
559 3286 604 3322 om.
624 3271 649 3320 B
740 3274 771 3322 17
794 3272 918 3323 humoris
931 3273 970 3337 B,
993 3273 1098 3325 humosi
1115 3274 1139 3322 P

172 3339 204 3389 18
216 3338 312 3387 *aeris
320 3338 346 3387 P
396 3341 427 3389 19
439 3355 473 3389 ne
487 3338 608 3401 fulgeret
619 3354 689 3390 corr.
701 3341 727 3389 in
745 3339 899 3404 refulgeret
915 3342 943 3391 in
953 3341 981 3390 B
1031 3349 1104 3392 uiuit
1115 3343 1139 3390 P

171 3408 202 3455 21
222 3405 281 3472 edil
296 3405 347 3456 BP
424 3408 457 3455 22
474 3403 867 3460 ΠΡΟΟΝΟΙΛΕΛΤΗΝΑΕΒ
946 3410 980 3460 23
998 3409 1137 3461 dicuutB

169 3476 299 3524 21111111
316 3475 342 3524 P
407 3475 441 3524 28
460 3477 525 3523 ante
542 3473 546 3537 Ι
561 3480 642 3540 pater
658 3475 685 3524 B
753 3475 965 3527 29hum1dacP
1016 3479 1136 3529 exalatio

153 3540 215 3587 Μ’
278 3542 456 3631 1111111111,ι
483 3556 494 3608 g
523 3560 532 3610 g
