2362 3878
156 201 223 267 630
567 211 664 258 nunu
687 210 714 256 11

157 369 278 454 aliquid
299 366 384 452 quod
405 356 533 430 moueat
554 385 615 429 nec
636 366 748 428 tamen
774 365 943 426 moueatur
968 363 1131 427 inuenias.

105 457 148 522 25
156 454 213 519 illa
234 453 335 538 igitur
356 452 462 536 magis
484 449 650 534 probanda
673 451 722 512 est
743 448 779 512 in
801 448 924 512 decimo
947 447 988 512 de
1001 447 1133 533 legibus

157 561 176 604 a
198 539 336 603 Platone
356 540 501 601 motuum
521 535 649 618 prolata
676 533 802 598 diuisio.
847 533 973 597 omnis
1001 536 1133 598 motus

156 624 263 772 apua
286 625 352 771 all
374 617 1157 770 186111111111111111111

156 731 275 859 iiiiinia.r
288 728 522 875 tieroacddpora
540 754 699 855 sccundus
720 727 869 854 defertur.
913 788 948 853 hi
972 755 1133 876 ergo’duc

155 882 262 943 motus
284 880 318 942 et
338 876 520 941 differentia
541 878 734 960 separantur
756 878 789 939 et
810 874 964 940 societate
991 875 1134 962 iungim-

155 967 224 1047 tur,
249 983 417 1028 commune
438 960 501 1026 hoc
522 960 646 1025 habent
689 960 751 1024 uod
767 964 800 1024 et
814 962 903 1044 prior
923 965 956 1025 et
971 962 1134 1026 secundus

156 1051 289 1113 mouent
307 1047 386 1130 alia,
410 1047 473 1111 hoc
495 1049 602 1111 autem
648 1046 654 1058 '
681 1048 777 1110 erunt
798 1047 882 1130 quod
904 1046 958 1110 ille
980 1069 999 1111 a
1021 1068 1057 1111 se
1079 1047 1134 1111 hic

105 1133 147 1201 26
157 1134 199 1198 ab
226 1134 290 1198 alio
316 1136 472 1198 mouetur.
517 1153 556 1196 ex
581 1130 633 1195 his
660 1131 824 1214 omuibus,
859 1153 940 1279 fluas
970 1133 1066 1197 eruta
1093 1133 1133 1196 de
1146 1152 1171 1193 ro

69 1280 72 1285 .
156 1217 397 1283 Platonicorum
423 1238 574 1281 sensuum
600 1216 800 1281 fecunditate
822 1237 859 1280 co
885 1217 1026 1301 egimus,
1059 1238 1132 1282 con·

157 1303 243 1368 stitit
263 1326 330 1368 non
353 1323 555 1367 essenorum
577 1303 685 1366 omnia
707 1312 790 1385 quae
810 1305 981 1366 mouentur
1004 1302 1046 1367 ab
1070 1302 1133 1366 alio

156 1389 289 1471 moueri,
313 1408 390 1471 ergo
412 1408 473 1451 nec
494 1386 690 1471 principium
710 1389 815 1451 motus
832 1387 871 1451 ad
894 1387 1133 1471 deprecandam

156 1472 288 1536 alterius
310 1471 469 1535 mouentis
490 1470 715 1536 necessitatem
730 1474 816 1536 stare
832 1472 955 1536 dicetur
970 1473 1048 1556 quia
1062 1476 1132 1557 pot-

156 1558 207 1620 est
227 1577 262 1620 se
282 1556 389 1640 ipsum
417 1558 456 1619 ut
483 1555 620 1620 diximus
642 1577 771 1621 mouere
794 1557 857 1620 alio
879 1579 947 1621 non
968 1561 1131 1622 mouente.
1145 1572 1168 1614 1⁵

105 1638 329 1705 2leneruatus
363 1643 412 1704 est
443 1641 545 1725 igitur
581 1641 785 1726 syllogismus
822 1663 917 1725 quem
952 1643 1133 1727 praemissa

156 1726 247 1790 uaria
268 1728 301 1790 et
322 1724 493 1809 multiplici
508 1725 665 1790 diuisione
681 1725 856 1810 collegerat
870 1726 904 1790 id
926 1729 976 1790 cst
997 1728 1132 1791 anima

155 1810 402 1895 principium
429 1814 556 1875 motus
590 1813 665 1893 est,
700 1811 944 1895 principium
975 1813 1132 1875 autem

155 1899 283 1959 motus
311 1916 389 1959 non
417 1895 771 1980 mouetur,figitur
799 1896 931 1959 anima
953 1917 1033 1960 non
1055 1916 1132 1960 mo-

155 1984 279 2044 uetur.
324 1981 425 2044 restat
452 1983 488 2044 ut
516 1981 591 2064 quia
619 1980 765 2045 constitit
796 2001 890 2064 posse
924 1980 1046 2065 aliquid
1073 1997 1169 2065 perso

155 2085 189 2129 se
216 2065 340 2129 moueri
368 2064 431 2130 alio
458 2086 525 2130 non
552 2067 702 2129 mouente
730 2064 872 2129 animam
899 2065 961 2129 hoc
984 2087 1054 2130 esse
1077 2066 1131 2129 do-

156 2152 282 2232 ceatur,
316 2149 401 2233 quod
427 2149 524 2215 facile
552 2150 733 2232 docebitur,
764 2150 793 2213 si
820 2150 859 2215 de
886 2149 1071 2214 manifestis
1100 2154 1133 2214 et

103 2230 421 2299 minduniensibus
444 2237 637 2320 argumenta
651 2255 824 2300 sumamus.
868 2233 992 2299 homini
1006 2238 1133 2299 motum

155 2322 211 2383 aut
234 2320 343 2384 anima
369 2324 515 2404 praestat
542 2323 598 2384 aut
626 2340 741 2402 corpus
763 2323 819 2383 aut
842 2320 880 2384 de
901 2324 1037 2402 utroque
1058 2341 1134 2402 per-

154 2403 278 2470 mixtio.
323 2408 356 2469 et
377 2405 453 2489 quia
479 2405 543 2469 tria
569 2408 646 2469 sunt
667 2404 706 2468 de
733 2404 847 2488 quibus
876 2404 1043 2488 inquisitio
1064 2405 1132 2469 ista
1145 2419 1170 2461 25

153 2489 311 2572 procedit,
336 2510 408 2554 cum
431 2510 535 2571 neque
557 2510 576 2551 a
600 2510 731 2571 corpore
753 2510 856 2573 neque
879 2488 1132 2572 apermixtione

154 2574 313 2656 praestari
334 2573 396 2636 hoc
417 2593 511 2652 posse
534 2572 731 2655 constiterit,
764 2576 866 2637 restat
891 2576 929 2637 ut
955 2573 996 2639 ab
1019 2574 1134 2639 anima

102 2654 145 2720 29
153 2658 277 2721 moueri
304 2657 468 2719 hominem
494 2654 585 2720 nulla
612 2657 772 2723 dubitatio
794 2658 846 2722 sit.
892 2679 980 2722 nunc
1002 2658 1043 2722 de
1066 2660 1134 2724 sin-

154 2741 238 2824 gulis
260 2762 299 2804 ac
326 2738 466 2823 primum
488 2740 527 2805 de
553 2762 685 2826 corpore
712 2742 889 2828 loquamur.
933 2743 1061 2807 nullum
1083 2744 1134 2808 in-

153 2824 297 2888 animum
331 2845 445 2909 corpus
479 2848 535 2891 suo
567 2831 657 2892 motu
688 2829 812 2892 moueri
844 2827 1050 2892 manifestius
1082 2832 1170 2893 essu

152 2929 249 2990 quam
269 2912 307 2973 ut
329 2910 541 2975 adserendum
562 2912 620 2995 sit,
644 2912 727 2976 nihil
742 2916 792 2977 est
807 2916 914 2977 autom
928 2912 1029 2996 quod,
1056 2913 1134 2978 dum

153 2992 307 3058 inmobile
330 2994 383 3078 sit,
407 2996 495 3060 aliud
516 2998 620 3081 possit
640 3019 788 3081 mouere,
812 2998 914 3082 igitur
936 3018 1052 3081 corpus
1075 2997 1135 3062 ho·

223 3135 284 3198 sp.
302 3134 392 3184 sora

221 3252 239 3300 4
257 3255 306 3301 aut
326 3252 352 3302 se
370 3251 396 3301 B
464 3255 481 3304 8
500 3254 616 3304 cumune
634 3246 667 3304 P‘
735 3257 751 3305 9
769 3253 793 3305 81
810 3262 870 3305 ante
888 3252 1019 3303 differunt
1037 3269 1086 3309 om.
1101 3247 1136 3304 P'

154 3318 187 3366 14
204 3325 327 3370 mouenti
344 3320 369 3371 P
437 3320 545 3372 dicetur
568 3322 639 3372 stare
657 3321 684 3370 B
770 3324 802 3372 16
828 3320 982 3387 silogismul
1000 3320 1027 3370 B
1100 3324 1135 3373 17

154 3384 301 3452 collegerit
318 3391 344 3440 P
410 3391 443 3439 al
461 3390 514 3441 boc
533 3388 588 3440 elle
608 3405 731 3441 animam
748 3390 774 3441 B
843 3392 877 3441 23
896 3387 1035 3439 sumamus
1050 3404 1136 3456 argu-

152 3460 247 3505 menta
265 3455 346 3519 (corr,
365 3475 401 3510 ea
418 3456 622 3525 argumentum)
640 3458 667 3508 B
753 3461 786 3510 31
806 3456 978 3509 asserendum
996 3454 1022 3506 B
1098 3460 1134 3510 32

141 3523 288 3581 rmmobrle
305 3526 360 3582 BP

59 3616 106 3640 Ὰ.
