2362 3878
138 191 202 257 458
537 204 633 252 mear
655 205 707 252 vn

86 361 172 428 23et
193 357 487 425 Eratosthenes
509 360 648 423 testatur
669 357 754 421 idem

225 461 281 526 aul
304 457 420 543 βαθύν
442 456 576 545 ἀκρήτῳ
598 457 773 542 πνεύμονα
795 457 1006 543 τεγγόμενος.

139 562 354 645 Euripides
376 583 452 625 uero
474 560 569 625 huius
591 561 638 623 rei
665 559 945 625 manifestissimus
966 560 1110 644 adstipu-

139 649 316 808 lamrodddg
338 730 487 815 περάσας
509 731 713 813 πλευμόνων
730 729 903 813 διαρροάς.
1124 751 1136 790 5

86 833 131 898 24
141 855 212 899 cum
238 833 340 918 igitur
369 834 402 896 et
431 832 515 895 ratio
548 852 717 915 corporeae
744 830 886 895 fabricae
917 836 949 895 et
976 834 1111 896 testium

139 917 256 982 nobilis
280 919 454 982 auctoritas
476 915 689 999 adstipuletur
711 915 856 998 Platoni,
886 937 995 980 norme
1024 917 1111 1001 quis·

139 1004 210 1088 quis
234 1007 346 1067 contra
369 1003 469 1066 sentit
490 1000 646 1065 insanit?'

86 1172 166 1238 XVI
242 1172 333 1236 Inter
354 1171 434 1235 haec
456 1169 642 1256 Euangelus
664 1170 786 1254 gloriae
809 1169 1004 1235 Graecorum
1026 1171 1110 1235 inui-

139 1259 218 1322 deus
246 1260 279 1321 et
306 1256 455 1320 inludens
489 1255 675 1319 ‘facessant'
711 1255 757 1320 ait
790 1255 882 1319 ‘haec
909 1277 991 1340 quae
1022 1255 1111 1320 inter
1125 1275 1149 1313 10

138 1363 195 1406 uos
228 1341 264 1404 in
294 1340 543 1404 ostentationem
574 1338 780 1424 loquacitatis
814 1340 995 1425 agitantur,
1031 1343 1111 1424 quin

138 1426 245 1509 potius
268 1424 373 1508 siquid
396 1424 492 1499 callet
513 1428 621 1488 uestra
642 1425 818 1508 sapientia,
847 1424 929 1489 scire
952 1447 991 1488 ex
1017 1426 1110 1489 uobis

138 1509 210 1574 uolo
233 1530 370 1572 ouumne
392 1509 482 1592 prius
505 1508 648 1572 extiterit
670 1531 713 1572 an
735 1509 859 1594 gallina
868 1509 895 1571 Ρ

70 1596 122 1659 “2
223 1592 378 1657 ‘Inridere
390 1597 423 1657 te
438 1596 544 1677 putas’
557 1592 703 1658 Disarius
719 1595 766 1658 ait
781 1598 826 1658 ‘et
842 1596 950 1657 tamen
963 1594 1109 1678 quaestio

138 1679 983 1846 1111111111111111111111115
1000 1680 1109 1826 iffi
1123 1695 1146 1734 ¹⁵

137 1848 226 1932 prius
254 1847 377 1934 gallina
405 1870 443 1912 ex
471 1870 531 1912 ouo
554 1870 606 1911 am
628 1870 723 1911 ouum
746 1869 785 1912 ex
807 1847 931 1932 gallina
955 1848 1105 1931 coeperit,

138 1933 193 1998 sed
215 1934 277 1997 hoc
305 1933 353 1997 ita
381 1934 472 1997 seriis
500 1932 708 1997 inserendum
736 1935 843 1996 estut
871 1933 910 1996 de
933 1954 970 1996 eo
993 1931 1109 1996 debeat

137 2017 189 2082 uel
212 2019 306 2082 anxie
329 2018 495 2101 disputari.
541 2020 574 2081 et
595 2017 757 2102 proferam
779 2039 859 2101 quae
882 2017 917 2080 in
939 2019 1108 2100 utramque

137 2107 263 2186 partem
298 2102 379 2167 mihi
414 2102 550 2167 dicenda
587 2101 780 2166 subuenient
792 2153 800 2185 ,
840 2101 1010 2166 relicturus
1047 2101 1106 2164 tibi
1121 2117 1145 2155 νο

101 2189 246 2253 3utrum
275 2209 384 2252 eorum
411 2188 518 2251 uerius
551 2186 644 2250 malis
677 2187 789 2250 uideri.
840 2187 868 2250 si
904 2185 1107 2251 concedimus

138 2272 246 2336 omnia
268 2294 349 2356 quae
377 2274 454 2336 sunt
476 2271 647 2355 aliquando
676 2272 833 2355 coepisse,
858 2292 954 2334 ouum
975 2271 1065 2354 prius
1089 2292 1108 2333 a

136 2360 254 2421 natura
276 2357 399 2420 factum
419 2356 488 2419 iure
511 2355 743 2420 aestimabitur.
768 2376 893 2438 semper
915 2355 999 2418 enim
1023 2355 1108 2438 quod

136 2441 253 2526 incipit
273 2441 490 2524 inperfectum
512 2440 617 2504 adhuc
639 2443 672 2504 et
691 2440 829 2504 informe
849 2442 898 2503 est
920 2442 952 2502 et
974 2439 1015 2502 ad
1035 2460 1107 2522 per-

136 2526 311 2589 fectionem
333 2526 383 2588 sui
403 2546 461 2607 per
482 2524 686 2607 procedentis
716 2526 795 2588 artis
822 2526 855 2588 et
876 2523 1029 2608 temporis
1053 2524 1107 2586 ad·
1120 2540 1144 2579 2⁵

137 2609 315 2673 ditamenta
336 2607 504 2671 formatur.
549 2629 626 2692 ergo
641 2610 757 2673 natura
777 2609 943 2673 fabricans
959 2629 1051 2672 auem
1066 2608 1106 2671 ab

137 2693 267 2756 informi
291 2692 473 2756 rudimento
500 2694 606 2776 coepit
628 2697 661 2757 et
682 2715 792 2775 ouum,
822 2694 857 2757 in
886 2714 948 2776 quo
969 2693 1107 2757 necdum

138 2780 187 2840 est
209 2777 331 2859 species
354 2776 518 2856 animalis,
542 2777 657 2843 effecit.
708 2799 747 2842 ex
768 2778 829 2843 hoc
851 2777 1015 2861 perfectae
1036 2778 1106 2841 auis

137 2861 260 2944 species
276 2859 384 2925 extitit
394 2863 588 2946 procedente
598 2862 757 2948 paulatim
767 2862 963 2927 maturitatis
978 2860 1104 2925 effectu.

100 2938 251 3010 4'deinde
273 2946 423 3030 quicquid
446 2970 464 3011 a
487 2952 604 3012 natura
625 2948 724 3012 uariis
752 2948 919 3012 ornatibus
942 2955 1107 3028 comptum
1119 2962 1144 3001 ³0

205 3137 221 3185 2
239 3136 512 3187 Eratosthenieorum
525 3152 551 3201 p.
564 3138 612 3187 155
622 3136 783 3201 Bernhardy
853 3136 868 3186 5
886 3136 921 3187 fr.
935 3137 985 3186 973
998 3134 1105 3186 Nauck.

204 3303 381 3359 2BAOTYN
400 3306 426 3356 Ρ
507 3302 717 3372 ΠΛΕΙΥΜΟΝΛ
736 3300 962 3359 ΙΕΠΟΜΕΝΟΕ·
981 3304 1007 3352 Ρ
1091 3305 1107 3354 5

136 3370 313 3428 ΠΛΕΥΜΟΝ
334 3377 360 3425 Ρ
425 3372 557 3425 8l'cntrrt
573 3375 598 3423 P
678 3376 710 3425 15
729 3389 810 3439 quam
827 3399 861 3410 -
879 3373 964 3437 digna
982 3387 1029 3422 om.
1049 3371 1074 3420 P

139 3441 198 3500 105
215 3442 241 3492 Ρ
309 3444 341 3492 16
359 3445 480 3492 ueritate
498 3434 532 3492 P'
617 3444 649 3493 17
668 3446 774 3507 capent
791 3442 816 3491 P
904 3442 937 3490 22
962 3437 1064 3506 cepisse
1083 3439 1108 3488 P

127 3511 164 3558 21
180 3510 317 3574 rmpfectu
336 3510 363 3563 P
430 3510 760 3576 arer459‚109p1ti>
827 3523 879 3576 quo
896 3525 923 3574 p,
944 3523 979 3573 qu
996 3507 1022 3557 Ρ
