2362 3878
387 210 439 276 n1,
455 202 499 255 20.
522 203 690 276 1111‚1-5.
713 202 778 276 v,1
903 224 908 231 -
1004 192 1068 257 479

99 367 171 448 sis,
190 364 398 445 Africam,
425 361 600 426 alacrior
615 362 662 426 ad
681 361 985 426 tutandamrcm
999 385 1068 447 pu-

99 451 248 515 blicam
281 449 338 513 sic
374 447 537 512 habeto:
575 445 758 512 omnibus
794 446 859 530 qui
895 448 1068 531 patriam

101 534 386 599 conseruerint
414 531 646 596 adiuuerint
678 532 883 615 auxerint,
919 535 1068 597 certum

100 642 184 685 esse
220 620 262 683 in
300 618 410 682 caelo
443 616 656 681 definitum
691 616 820 680 locum
857 616 922 681 ubi
957 617 1068 682 beati

73 726 194 770 saeuo
224 703 473 788 sempiterno
499 703 687 766 fruantur
709 705 742 766 et
768 701 864 784 paulo
886 699 1069 786 posthunc

100 793 223 856 certum
245 789 350 853 locum
365 788 421 872 qui
443 787 487 850 sit
501 787 676 872 designans
694 788 740 851 ait
763 786 830 851 sed
853 787 910 851 sio
933 786 1068 870 Scipio

98 878 140 939 ut
156 896 252 938 auus
274 873 339 937 hic
360 875 467 956 tuus,
491 875 534 936 ut
556 893 627 957 ego
642 872 709 957 qui
731 873 769 936 te
791 872 928 957 genui,
952 871 1068 936 iusti·

98 960 196 1023 tiam
219 958 305 1022 cole
334 960 373 1022 et
399 958 594 1042 pietatem
621 979 720 1040 quae
749 978 832 1021 cum
859 978 1001 1041 magna
1028 956 1068 1020 in

98 1043 337 1128 parentibus
374 1046 413 1107 ct
453 1043 692 1126 propinquis
734 1045 815 1106 tum
856 1042 897 1106 in
932 1041 1068 1125 patria

60 1130 266 1193 romaxima
295 1130 366 1192 est.
417 1149 459 1191 ea
486 1127 572 1191 uita
599 1127 664 1191 uia
692 1129 752 1191 est
780 1127 822 1191 in
850 1126 1001 1191 caelum
1030 1129 1068 1190 et

97 1215 136 1278 in
171 1213 274 1278 hunc
307 1215 462 1278 coetum
494 1233 625 1277 eorum
655 1212 721 1297 qui
753 1211 830 1276 iam
862 1212 998 1276 uixere
1030 1213 1068 1275 et

99 1320 262 1382 corpore
289 1297 419 1362 laxati
446 1297 561 1360 illum
588 1297 775 1361 incolunt
802 1296 930 1362 locum
957 1318 1068 1380 quem

97 1383 210 1447 uides
243 1383 432 1467 significans
466 1381 640 1464 γαλαξίαν.
695 1382 860 1446 sciendum
897 1386 946 1446 est
982 1379 1105 1461 enimi)

98 1468 181 1551 quod
203 1468 291 1531 locus
313 1468 432 1552 inquo
455 1467 516 1531 sibi
538 1468 667 1531 uidetur
689 1489 757 1532 esse
773 1465 880 1551 Scipio
902 1488 960 1550 per
982 1467 1068 1551 quie-

59 1572 83 1611 15
97 1556 179 1634 tem,
208 1553 332 1616 lacteus
356 1552 493 1617 circulus
516 1555 581 1635 est,
608 1553 662 1637 qui
684 1552 844 1635 γαλαξίας
865 1554 1017 1635 uocatur,
1041 1552 1069 1615 si

98 1637 227 1721 quidem
248 1636 299 1701 his
321 1638 427 1701 uerbis
456 1638 491 1701 in
518 1637 678 1722 principio
700 1637 803 1701 utitur
824 1637 1069 1701 ostendebat

99 1726 228 1787 autem
265 1722 554 1808 Carthaginem
589 1722 635 1786 de
672 1722 831 1786 excelso
868 1724 906 1785 et
949 1721 1068 1804 pleno

99 1808 311 1872 stellarum
337 1807 495 1871 illustri
525 1811 563 1870 et
591 1806 700 1870 claro
727 1806 891 1889 quodam
919 1804 1008 1868 loco
1036 1807 1069 1868 et

98 1892 194 1974 paulo
216 1894 290 1975 post
312 1893 454 1974 apertius
470 1891 549 1955 dicit
572 1893 659 1954 erat
681 1893 812 1953 autem
833 1890 866 1953 is
889 1888 1068 1971 splendi-

59 1976 263 2040 nodissimo
286 1976 456 2040 candore
482 1975 593 2039 inter
619 1974 803 2038 flammas
827 1975 958 2037 circus
987 1973 1069 2037 clu-

99 2081 191 2124 cens
214 2081 326 2144 quem
348 2081 416 2124 uos
440 2063 483 2123 ut
511 2081 530 2122 a
553 2058 671 2124 Grais
693 2059 914 2142 accepistis
937 2058 1069 2122 orbem

98 2144 272 2209 lacteum
308 2143 563 2228 nuncupatis.
619 2165 664 2207 ex
696 2164 768 2228 quo
805 2143 936 2207 omnia
971 2142 1069 2207 mihi

100 2230 396 2312 contemplanti
423 2227 636 2314 praeclara
665 2231 703 2292 et
732 2226 939 2292 mirabilia
959 2228 1069 2291 uide-

98 2316 255 2379 bantur.
295 2318 327 2379 et
349 2315 387 2378 de
409 2314 470 2378 hoc
485 2314 613 2398 quidem
634 2312 776 2398 γαλαξία
792 2335 864 2377 cum
879 2312 918 2376 de
941 2311 1069 2377 circulis

59 2419 84 2458 aa
98 2400 263 2485 loquemur
285 2400 413 2484 plenius
435 2400 637 2463 disseremus,

184 2568 246 2634 Sed
272 2570 337 2634 iam
365 2570 517 2655 quoniam
544 2570 631 2634 inter
658 2567 756 2632 libros
778 2587 857 2653 quos
880 2566 918 2631 de
947 2589 981 2632 re
1008 2567 1108 2652 pu·V

97 2653 183 2717 blica
216 2653 327 2718 Cicero
359 2676 501 2739 quosque
532 2654 620 2739 prius
653 2652 747 2717 Plato
780 2654 954 2737 scripserat
986 2674 1068 2737 quae

99 2737 281 2801 differentia
302 2760 383 2821 quae
413 2739 588 2804 similitudo
615 2738 774 2802 habeatur
795 2738 1007 2821 expressimus
1036 2741 1069 2801 et

100 2844 156 2887 cur
184 2822 271 2905 operi
300 2844 357 2885 suo
385 2822 437 2886 uel
464 2822 558 2888 Plato
586 2822 660 2886 Eris
692 2823 848 2888 indicium
874 2822 927 2887 uel
955 2822 1067 2889 Cicero

61 2926 86 2966 so
99 2907 259 2971 somnium
274 2905 433 2990 Scipionis
449 2907 623 2972 adsciuerit
637 2907 754 2991 quidue
776 2908 819 2972 sit
841 2908 882 2972 ab
899 2907 1068 2991 Epicureis

98 2992 258 3055 obiectum
273 2990 402 3056 Platoni
423 2991 477 3056 uel
498 2992 649 3076 quemad
670 2992 800 3056 modum
815 2992 929 3057 debilis
951 2992 1069 3058 calum-

167 3181 471 3234 3conseruaucr1ntB
539 3181 679 3249 coelo?
728 3180 789 3232 loco
807 3173 841 3232 B'
909 3182 1073 3248 &designas

98 3243 133 3299 B'
201 3248 325 3315 ttego
343 3249 369 3298 B
438 3251 469 3299 11
489 3255 594 3301 certum
613 3248 721 3317 (iuras.
737 3251 790 3313 fuit
806 3249 835 3312 n)
853 3250 880 3299 B
936 3265 1067 3299 *sumere

100 3315 208 3383 (iuras.
227 3316 480 3382 uid.fuisseu1)B
558 3320 590 3369 13
614 3318 756 3384 galenam
774 3316 824 3368 PB
893 3319 926 3368 15
944 3316 1073 3381 galanas

99 3385 149 3435 PB
219 3389 249 3436 17
269 3390 412 3453 cartagine
430 3379 488 3436 P'B
557 3387 589 3436 19
606 3385 651 3437 hu
662 3387 688 3436 P
737 3385 974 3437 aoc1rcu1usPB
1034 3386 1067 3434 21

99 3449 205 3569 lgralgrl
217 3454 243 3502 B
329 3457 362 3507 23
382 3453 520 3520 dtiplandr
536 3454 564 3504 B
649 3455 682 3505 24
700 3453 814 3519 galano
832 3452 881 3503 PB
970 3453 1001 3504 31
1021 3467 1068 3502 ca-

111 3521 197 3585 ripnra
214 3523 240 3571 P
