2362 3878
362 198 439 263 xm,
456 151 575 244 1s-rr.
599 191 721 264 x1111,1
835 172 838 177 ’
963 181 1027 246 449

60 353 174 503 {tlt
195 349 635 502 {tibilim-dludi
653 349 932 500 gagpagaggt·
956 353 1083 502 03²4
1114 414 1116 419 ·

58 522 258 607 inspergitur
279 457 534 605 flamnlaefllon
551 457 623 585 llam
644 520 807 605 extinguit
826 457 925 605 duanl
944 523 1029 606 pari-

59 611 109 673 ter
131 607 317 672 accenditur
339 627 438 690 aquae
452 605 510 689 pin
557 605 650 670 edine
666 605 852 670 alimoniam
865 606 937 691 igni
956 607 1029 672 mb-

34 693 277 756 ministrante.
310 694 470 775 postremc
519 711 661 755 omerum
676 711 846 774 sequamur
867 691 923 776 qui
945 692 1029 757 solus
1037 692 1081 759 25

59 778 123 842 fuit
144 781 280 841 naturae
303 776 458 841 conscius.
491 774 573 840 facit
588 776 675 840 enim
689 776 720 840 N
722 776 885 840 ausicaam
899 776 1029 841 Alcinoi

59 862 161 926 filiam
183 861 367 926 abluentem
387 863 494 925 uestes
517 883 590 926 cum
610 882 706 944 super
726 881 816 926 mare
838 863 939 945 esset,
962 882 1029 925 non

60 948 95 1010 in
117 947 198 1044 mari
221 947 277 1012 sed
297 946 333 1010 in
354 945 462 1043 fluuio,
496 945 582 1043 idem
602 944 840 1043 locusHomeri
863 946 956 1044 docet
969 967 1029 1010 nos
1148 1032 1150 1039 Ι

21 1138 47 1176 10
60 1029 511 1181 biniaeeiidaefflffi
539 1050 659 1180 titt
672 1052 794 1180 iffi
812 1034 1082 1182 affitibus

60 1204 161 1266 staret
183 1202 304 1266 siccato
327 1221 474 1285 corpore,
498 1199 545 1264 ait
567 1199 608 1264 ad
629 1199 811 1266 Nausicaae
832 1200 971 1265 famulas

103 1302 290 1387 ἀμφίπολοι
305 1299 406 1387 στῆθ’
426 1299 515 1367 οὕτω
532 1297 732 1385 ἀπόπροθεν
746 1299 829 1385 ὄφρ’
847 1294 913 1385 ἐγώ
929 1298 1031 1378 αὐτός

103 1386 213 1471 ἅλμην
237 1385 358 1470 ὤμοιιν
380 1385 623 1470 ἀπολούσομαι.

60 1491 135 1571 post
156 1488 217 1553 hoe
240 1510 312 1553 cum
334 1488 550 1553 descendisset
570 1489 607 1552 in
628 1488 762 1553 fluuium

23 1593 48 1631 15
190 1574 228 1638 ἐκ
252 1576 402 1656 κεφαλῆς
424 1575 568 1657 ἔσμηχεν
591 1570 673 1650 ἁλὸς
695 1573 809 1657 χνόον.

61 1674 189 1739 diuinus
218 1673 305 1738 enim
329 1677 421 1739 uates
443 1674 555 1758 quiin
577 1675 665 1740 omni
686 1696 721 1739 re
736 1677 887 1739 naturam
902 1678 1030 1740 secutus
1039 1675 1080 1740 27

61 1763 126 1844 est,
151 1760 309 1844 expressit
352 1760 414 1824 uod
435 1759 507 1823 fieri
529 1758 625 1842 solet,
654 1760 767 1843 utqui
789 1759 969 1823 ascendunt
991 1759 1030 1823 de

59 1846 157 1928 mari,
188 1846 216 1908 si
243 1846 278 1908 in
312 1780 378 1908 sdle
412 1845 578 1927 steterint,
606 1864 695 1926 aqua
726 1843 854 1926 quidem
884 1841 1031 1908 celeriter

61 1930 127 1993 sole
156 1929 310 2011 siccetur,
339 1932 471 1992 maneat
498 1931 605 1992 autem
631 1927 667 1990 in
696 1928 837 2011 corporis
863 1928 1030 2010 superficie

21 2032 47 2072 ao
61 2013 160 2076 ueluti
183 2013 242 2076 flos
264 2011 393 2096 quidam
415 2013 469 2097 qui
492 2015 525 2076 et
550 2012 585 2076 in
613 2011 809 2096 detergendo
838 2011 977 2076 sentitur
998 2016 1032 2077 et

60 2098 317 2246 lpplouggtnecgluae
339 2097 484 2161 marinae
505 2096 668 2181 pinguedo
698 2117 780 2180 quae
807 2095 875 2160 sola
897 2096 1032 2180 impedit
1142 2154 1146 2164 .

146 2318 190 2382 m
211 2318 287 2402 quia
303 2339 322 2382 a
338 2318 452 2382 ceteris
476 2316 642 2402 expeditus
664 2316 745 2381 mihi
760 2320 793 2381 te
806 2315 971 2400 paulisper
985 2315 1084 2383 ΧΠΠ

61 2401 226 2487 indulges,
256 2403 349 2468 modo
376 2407 486 2468 autem
510 2402 605 2468 nobis
632 2402 672 2466 de
705 2423 787 2487 aqua
820 2423 924 2466 sermo
956 2400 1030 2484 fuit,

23 2507 48 2547 aa
62 2509 179 2571 quaero
202 2510 258 2552 cur
278 2489 314 2552 in
330 2511 413 2574 aqua
428 2487 599 2554 simulacra
613 2488 737 2552 maiora
751 2487 839 2552 ¹ueris
859 2485 1033 2551 uidentur?

62 2572 145 2656 quod
161 2594 263 2656 genus
279 2575 364 2658 apud
378 2575 585 2658 popinatcres
599 2573 752 2671 pleraque
769 2573 1033 2637 scitamentorum

63 2659 222 2720 cernimus
272 2660 414 2742 roposita
443 2658 597 2743 ampliore
625 2679 732 2743 specre
759 2679 856 2741 quam
888 2677 1031 2740 corpore,

62 2742 179 2825 quippe
208 2680 352 2807 uidemus
379 2745 415 2808 in
443 2744 568 2809 doliolis
596 2743 708 2808 uitreis
737 2763 838 2840 aquae
865 2741 970 2825 plenis
1000 2744 1033 2805 et

62 2847 123 2889 oua
146 2826 250 2911 globis
272 2828 447 2893 maioribus
470 2831 503 2892 et
524 2828 685 2892 iecuscula
707 2828 797 2891 fibrrs
807 2825 1032 2891 tumidioribus

24 2931 50 2971 30
64 2914 96 2975 et
117 2912 230 2975 bulbos
254 2912 349 2997 spiris
370 2912 568 2998 ingentibus.
603 2915 635 2976 et
649 2912 780 2976 omnino
802 2912 814 2975 i
838 2932 909 2975 sum
923 2911 1033 2975 uidere

62 3019 125 3080 qua
153 2997 247 3061 nobis
274 2997 400 3062 ratione
428 2999 556 3063 constat
583 2997 657 3095 quie
685 2997 791 3061 solent
812 2934 851 3060 de
878 2994 939 3060 hoc
965 3016 1033 3060 non

61 3082 144 3147 nulli
166 3104 226 3147 nec
248 3103 325 3146 uera
340 3103 401 3147 nec
415 3083 483 3148 ueri
506 3082 625 3148 simiha
646 3079 793 3148 sentire?
829 3082 862 3145 et
884 3080 1032 3146 Disarius

131 3275 162 3322 12
181 3273 233 3326 od.
251 3273 265 3324 Ζ
283 3275 334 3324 218
403 3274 435 3324 15
452 3272 491 3324 ib.
510 3271 525 3324 Ζ
541 3273 592 3322 226

131 3441 316 3494 dnausrcaan
334 3443 360 3494 P
428 3443 460 3493 15
477 3437 521 3507 ἐκ]
540 3437 603 3493 EG(
622 3442 648 3493 P
710 3436 830 3493 ΧΛΟΟΝ
850 3440 876 3490 Ρ
945 3439 976 3488 16
996 3436 1035 3487 le·

64 3507 165 3571 quutus
178 3509 205 3559 P
270 3501 549 3578 26r01tamonlt0>F
599 3511 632 3562 29
651 3508 748 3561 frrbrrs
761 3509 787 3559 P
855 3510 888 3558 sd
904 3505 1041 3556 butum

113 3622 272 3662 nlcuomm
855 3585 909 3645 Ἦ
