2362 3878
141 175 206 242 340
556 190 653 238 meru
676 191 699 238 v

184 344 350 429 θεόφιλος
371 341 465 428 ἡμῖν,
488 333 517 408 cl
539 342 712 427 Στράτων,
735 339 781 420 ὣς
804 343 852 421 εἰς
874 339 994 407 καλὸν·

185 433 318 513 πρῶτος
340 428 428 510 λέγω
450 443 504 493 σοι
525 426 586 493 τόν
608 450 644 492 τε
666 431 819 511 χρυσοῦν
842 428 1030 512 κάνθαρον.

185 524 301 592 actem
325 509 363 577 τὸ
386 515 523 577 πλοῖον·
548 510 632 578 οὐδέ
650 511 687 598 μ’
710 507 830 590 οἶσθας
852 511 961 579 ἄθλιε.

94 599 134 663 16
184 598 229 664 ut
251 617 347 663 sacer·
362 597 511 682 impleuit
532 598 679 663 dextram
700 598 850 682 scyphus.

143 683 315 832 sclehus
337 681 487 747 Herculis
508 682 660 768 peculum
681 687 731 748 esi
752 683 799 748 iba
820 687 858 749 ub
879 683 988 748 Liberi
1009 685 1137 767 patris⁵

144 771 220 834 canl
244 788 328 832 arus.
365 766 539 832 Herculem
560 789 636 833 uero
658 767 785 833 ficbores
807 772 931 834 ueberes
954 789 1020 833 non
1043 769 1112 833 sine

144 875 241 918 causa
269 874 342 918 cum
369 852 483 936 poculo
510 851 675 936 fecerunt,
705 857 738 919 eb
759 875 826 918 non
847 874 1022 937 numquam
1045 876 1112 919 cas·

143 937 324 1002 sabundum
345 939 379 1002 ei
400 937 525 1002 ebrium
539 959 606 1003 non
620 937 722 1002 solum
743 937 828 1022 quod
849 938 877 1002 is
899 938 993 1003 heros
1015 938 1112 1003 bibax

142 1022 242 1087 fuisse
275 1021 463 1107 perhibetur
489 1022 544 1086 sed
573 1023 677 1088 eiiam·
698 1022 782 1107 quod
810 1023 944 1107 anbiqua
977 1022 1113 1088 historia

26 1155 31 1167 .
144 1110 193 1171 esi
214 1105 388 1171 Herculem
414 1107 529 1190 poculo
556 1110 722 1192 tamquam
749 1107 882 1192 nauigio
908 1110 1039 1172 uectum
1064 1109 1152 1172 iri-10

94 1189 133 1255 17
142 1212 254 1256 mensa
276 1191 380 1255 maria
401 1192 567 1257 transisse.
602 1192 657 1257 sed
679 1192 718 1257 de
740 1195 875 1277 utraque
897 1212 932 1256 re
953 1213 1056 1275 pauca
1073 1213 1112 1256 ex

145 1276 278 1341 Graecis
300 1275 548 1359 antiquibebibus
571 1277 687 1342 dicam.
732 1280 766 1343 eb
781 1275 991 1341 ¹multibibum
1013 1276 1111 1341 heroa

142 1360 240 1424 istum
261 1360 378 1442 fuisse,
401 1362 438 1424 ub
458 1362 585 1425 taceam
607 1383 688 1445 quae
711 1361 809 1449 uulgo
824 1364 902 1426 noba
918 1363 1009 1444 sunl,
1032 1361 1113 1426 illud

23 1462 48 1489 ἰ
133 1465 210 1516 4ιιοο
238 1444 408 1509 obscurum
436 1466 472 1508 ar
517 1448 662 1511 menium
690 1449 739 1510 est
769 1446 853 1530 quod
880 1445 1050 1530 Ephippus
1078 1447 1113 1510 in

144 1528 309 1592 Bursiride
331 1528 457 1594 inducit
511 1531 651 1595 erculem
672 1532 719 1596 sic
740 1530 925 1615 loquenbem
1126 1543 1150 1583 15

187 1609 251 1678 ούιι
274 1606 377 1678 οἶσθα
397 1612 434 1699 μ’
458 1611 540 1679 ὄντα
563 1612 648 1699 πρὸς
668 1619 763 1680 θεῶν
790 1616 978 1698 Τιρύνθιον

185 1695 350 1804 Ἀργεϊον;
374 1701 412 1763 οἳ
428 1699 616 1783 μεθύοντες
637 1697 689 1765 del
710 1697 769 1776 τοὶς
790 1699 896 1783 μάχας

187 1797 297 1858 πασας
318 1783 492 1867 μάχονται.
537 1789 722 1871 τοιγαροῦν
745 1781 912 1868 φεύγουσ’
937 1783 999 1849 ἀεί.

41 1863 195 1943 „albeat
226 1867 325 1932 etiam
357 1867 492 1934 historia
525 1890 591 1934 non
627 1871 706 1936 adeo
741 1870 911 1935 nobissima
947 1869 1113 1934 nationem

144 1952 307 2036 quandam
327 1953 494 2019 hominum
515 1953 614 2020 fuisse
635 1977 735 2041 prope
757 1954 949 2020 Heracleam
972 1954 1013 2018 ab
1032 1954 1113 2018 Her·
1127 1966 1151 2004 2⁰

146 2037 216 2102 cule
254 2039 464 2104 consbilubam
500 2037 743 2124 Cylierancrum
780 2040 947 2126 conposito
982 2040 1112 2104 nomine

144 2118 210 2187 ἀττό
233 2127 292 2206 τῆς
313 2123 469 2208 κύλικος,
492 2126 576 2209 quod
590 2124 698 2210 poculi
713 2147 815 2211 genus
836 2147 896 2191 nos
918 2146 984 2188 una
1005 2123 1113 2188 liibera

95 2201 314 2272 l9immuiaia
337 2209 503 2275 calicem
525 2210 669 2276 dicimus.
705 2209 848 2294 poculo
871 2212 1001 2274 aulem
1016 2208 1114 2272 Her-

146 2293 273 2357 culem
300 2297 458 2359 uectum
480 2294 526 2358 ad
547 2293 727 2379 Ἐρύθειαν
748 2294 787 2358 id
809 2297 869 2359 esd
890 2292 1114 2374 Hispaniae

144 2377 319 2442 insulam
340 2379 556 2464 nauigasse
579 2382 612 2444 et
633 2378 825 2460 Paurasrs,
850 2376 999 2461 egregius
1015 2377 1114 2459 scrip-
1128 2387 1153 2427 2⁵

145 2464 198 2526 tor
231 2462 440 2546 Graecorum,
475 2462 553 2527 dieib
580 2465 614 2527 eb
640 2461 876 2526 Puraucrnus
912 2463 1025 2523 auctor
1054 2464 1113 2539 est,

145 2567 281 2694 duorum
302 2545 402 2611 uerba
424 2545 558 2611 subdere
581 2545 760 2629 supersedi,
784 2544 859 2630 quia
874 2543 1024 2629 propiora
1039 2550 1115 2610 sunt

161 2631 273 2696 abulae
305 2651 402 2714 quam
434 2629 597 2694 historiae.
642 2649 703 2714 ego
734 2632 845 2694 lamen
876 2629 1015 2694 arbitrer
1048 2652 1115 2694 nen

145 2715 261 2797 poculo
276 2713 449 2778 Herculem
470 2712 573 2778 maria
594 2716 815 2780 transuectum
837 2715 893 2780 sed
914 2714 1047 2800 nauigio
1064 2717 1114 2779 cui

215 2904 247 2953 16
264 2901 400 2953 Meinekii
417 2901 517 2969 fragm.
538 2918 607 2956 com.
625 2903 667 2955 111
685 2921 711 2972 p.
730 2907 780 2957 322

215 3039 316 3145 lllP
382 3088 481 3157 2τόν]
503 3087 569 3142 ΓΟΝ
588 3090 614 3140 Ρ
662 3091 817 3143 relandus:
835 3089 881 3143 ΔΕ
899 3092 924 3141 Ρ
975 3088 1115 3154 κάνθαρον

147 3154 238 3206 lanius
255 3176 291 3212 ex
309 3158 458 3210 Athenaeo:
481 3155 573 3211 θΛΡΟ
593 3160 619 3209 Ρ
702 3161 718 3211 3
736 3157 850 3223 πλοῖον]
876 3155 1005 3211 ΗΛΟΙΟΝ
1025 3159 1051 3207 Ρ

147 3220 247 3279 auare
265 3228 291 3277 Ρ
368 3225 514 3291 llerphus
527 3228 553 3277 P
632 3228 664 3278 10
681 3231 790 3278 uectum
809 3228 942 3278 Mediocre
958 3242 1027 3277 saec.
1047 3226 1114 3275 XV:

147 3295 241 3346 uentis
255 3297 281 3346 P
347 3293 479 3344 immensa
496 3295 522 3344 P
590 3296 621 3346 17
640 3290 766 3413 &211ch
785 3291 942 3347 ΛΕΠΑΕΡ
1009 3294 1041 3343 18
1058 3307 1115 3345 τοι·

148 3362 268 3428 γαροῦν]
288 3358 488 3415 ΠΟΥΤΔΡΟΥ
505 3363 530 3411 Ρ
613 3364 646 3413 22
665 3360 742 3414 ΚΥΛΙ
770 3358 836 3413 ΡΟ(
854 3363 880 3411 Ρ
951 3364 984 3413 23
1002 3361 1120 3411 diximus

148 3432 174 3481 Ρ
202 3433 276 3550 (134
295 3431 378 3483 ductu
394 3429 398 3497 Ι
414 3425 605 3483 ΑΔΕΤΠΗΡΑ
623 3430 649 3480 Ρ
727 3429 957 3496 25pamalt1sP
1024 3431 1057 3479 26
1076 3430 1116 3479 fe-

138 3514 201 3549 rem
222 3515 237 3550 e
266 3500 296 3550 Ρ
