2362 3878
367 196 433 261 1111,
452 188 570 241 14-15.
594 197 629 260 v,
645 188 720 240 1—8
966 179 1030 246 589

60 349 171 413 ribus
193 347 331 430 latior,
354 368 477 431 paru-a
499 347 688 430 quaedam
717 351 778 410 est
804 347 938 412 insula
961 350 1030 413 cir·

62 432 239 497 cumfuse
267 431 338 495 illo
366 431 465 495 mari
497 431 599 515 quod
626 430 895 514 Atlanticum,
931 434 1031 516 quod

61 537 259 615 magnum,
276 516 376 600 quod
391 515 588 613 Oceanum
603 515 878 613 appellatisuin
892 518 1029 601 terris,

36 602 1069 770 111111111111111111114

62 774 94 834 et
122 771 336 834 subiectarum
363 768 572 852 sphaerarum
602 769 747 834 ordinem
779 772 962 854 motumque
993 792 1031 835 ac

62 855 101 918 de
122 857 212 919 motu
234 875 348 918 sonum
370 853 517 918 caelestis
539 855 680 918 musicae
702 854 811 918 modos
833 857 867 918 et
880 876 1031 919 numeros

63 939 278 1022 explicantem
300 942 334 1002 et
355 959 461 1003 aerem
483 938 646 1003 subditum
667 938 763 1003 lunae
778 937 946 1003 'lhrllianus
968 961 1032 1003 ser·

62 1045 114 1087 mo
136 1023 397 1108 pernecessaria
419 1025 452 1088 et
472 1023 636 1120 praesenti
651 1024 740 1107 operi
754 1027 831 1108 apta
853 1023 968 1087 ductus
991 1024 1032 1089 ad

25 1113 182 1173 roterram
202 1130 303 1192 usque
331 1108 513 1191 descrips1t,
540 1107 640 1193 ipsius
668 1109 733 1172 iam
759 1111 877 1172 terrae·
893 1108 1032 1205 descrip-

62 1193 184 1257 tionem
205 1193 376 1257 uerborum
404 1214 534 1276 pareus,
564 1214 671 1256 rerum
697 1191 854 1257 fecundus
882 1193 1031 1257 absolurt.

63 1278 204 1341 etenim
226 1277 368 1342 maculas
389 1276 628 1341 habitationum
650 1298 688 1342 ao
710 1277 850 1361 deipsis
874 1276 1069 1344 habitato-5

63 1362 150 1426 ribus
173 1361 251 1426 alios
272 1362 470 1445 interruptos
492 1361 714 1445 aduersosque,
738 1361 858 1426 oblicos
880 1362 980 1426 etiam
1000 1364 1034 1426 et

62 1449 264 1510 transuersos
286 1445 377 1511 alios'
388 1445 585 1511 nominando
610 1449 759 1512 terrenae
786 1446 942 1532 sphaerae
964 1446 1032 1532 glo-

25 1549 50 1588 11
64 1531 235 1595 bositatem
256 1534 385 1595 tantum
400 1552 466 1594 non
482 1530 639 1595 coloribus
653 1531 771 1616 pinxit.
814 1531 970 1617 illudque
993 1553 1032 1595 ue
1048 1532 1068 1597 6

63 1636 130 1679 non
157 1615 227 1679 sine
254 1613 452 1699 perfectione
480 1615 645 1680 doctrinae
673 1619 722 1680 est
749 1616 834 1699 qnod
861 1638 933 1680 oum
961 1553 1032 1680 aliis

62 1721 122 1763 nos
143 1721 210 1763 non
232 1700 355 1784 patitur
377 1721 483 1765 errare
504 1700 559 1785 qui
586 1704 708 1764 terram
733 1699 831 1764 semel
854 1700 943 1784 cingi
964 1720 1033 1763 oce·

64 1806 126 1848 ano
160 1785 372 1849 crediderunt.
417 1806 493 1849 nam
528 1785 555 1848 si
588 1784 721 1848 dixisset
759 1783 885 1847 omnis
923 1785 1033 1846 terra

64 1890 187 1952 parua
216 1869 407 1952 quaedam
434 1871 495 1933 est
526 1867 661 1932 insula
690 1866 930 1932 circumfusa
961 1866 1033 1931 illo

25 1952 178 2033 comari,
207 1973 308 2015 unum
336 1953 448 2016 oceani
471 1951 627 2015 ambitum
649 1950 789 2015 dedisset
807 1951 956 2036 intellegi
978 1951 1034 2015 sed

65 2035 231 2100 adiciendo
259 2056 355 2119 quae
384 2034 535 2100 colitur
562 2057 582 2098 a
603 2035 732 2117 uobis,
760 2056 871 2099 ueram
899 2036 966 2099 eius
988 2036 1034 2100 di·

64 2121 237 2203 uisionem,
268 2120 307 2184 de
329 2141 392 2201 qua
413 2119 605 2203 paulopost
632 2119 836 2201 disseremus,
863 2140 958 2184 nosse
982 2141 1033 2183 cu-

64 2204 227 2288 pientibus
249 2203 500 2289 intellegendam
522 2203 661 2289 reliquit.
706 2204 745 2268 de
767 2204 906 2288 quinque
929 2206 1069 2270 autem‘l

66 2289 204 2374 cingulis
232 2311 273 2354 ne
301 2310 418 2375 quaeso
452 2288 600 2354 aestimes
633 2288 767 2353 duorum
793 2287 960 2352 Romanae
986 2289 1034 2353 fa·

25 2373 201 2439 racundiae
228 2377 400 2459 parentum
421 2374 564 2439 Maronis
592 2377 625 2438 et
645 2373 741 2438 Tullii
770 2372 940 2438 dissentire
962 2374 1034 2438 doc-

65 2459 186 2523 trinam
215 2481 286 2524 cum
313 2458 368 2524 hic
394 2460 473 2542 ipsis
503 2457 680 2544 cingulis
707 2461 855 2523 terram
881 2458 1034 2522 redimi·

66 2550 144 2607 tam
166 2543 268 2627 dieat,
297 2544 352 2610 ille
379 2544 480 2609 isdem
507 2566 587 2629 quas
610 2543 734 2608 Graeco
756 2543 886 2608 nomine
915 2564 1034 2607 zonas

66 2629 162 2691 uocat
184 2628 312 2694 adserat
334 2630 485 2694 caelum
507 2629 654 2712 teneri,
678 2631 849 2725 utrumque
877 2627 964 2692 enim
985 2627 1034 2693 in·

68 2714 250 2794 corruptam
272 2735 443 2798 ueramque
465 2735 526 2778 nec
547 2714 641 2778 alteri
670 2716 865 2778 contrariam
886 2712 1034 2777 retulisse

28 2813 53 2853 ao
67 2797 226 2860 rationem
246 2797 439 2880 procedente
461 2797 678 2881 disputatione
706 2797 878 2862 constabit.
923 2797 979 2862 sed
1000 2797 1071 2862 ut8

67 2880 175 2945 omnia
197 2902 279 2964 quae
301 2880 362 2945 hoo
384 2880 454 2945 loco
482 2881 686 2965 explananda
711 2881 889 2966 recepimus
914 2881 1034 2966 liquere

66 2965 205 3049 possint,
239 2964 405 3029 habendus
434 2967 483 3029 est
508 2965 650 3049 primum
675 2987 778 3031 sermo
812 2965 850 3030 de
884 2966 1032 3052 cingulis,

135 3220 205 3272 2ad
223 3221 330 3272 1111111
348 3221 374 3270 Ρ
439 3224 524 3286 3an
543 3236 676 3273 oceanum
695 3223 721 3272 P
786 3223 928 3274 boselum
945 3238 993 3272 om.
1009 3221 1035 3270 B

68 3289 240 3356 6111111111
257 3289 283 3338 Β
335 3290 367 3341 13
385 3288 512 3353 obliquos
525 3289 571 3354 pB·
639 3293 671 3342 14
690 3289 768 3356 spere
786 3290 812 3339 B
881 3292 913 3341 15
930 3293 1038 3355 pmexrt

68 3357 94 3406 B
145 3359 176 3408 17
194 3363 316 3424 patimur
333 3358 359 3407 B
427 3359 461 3408 20
478 3352 645 3423 intelligit?
698 3358 736 3409 set
759 3359 785 3408 B
853 3360 887 3408 24
905 3357 1036 3423 facundie

68 3425 95 3474 P
144 3426 177 3476 27
194 3425 299 3477 hisdem
317 3426 367 3476 PB
435 3426 469 3477 28
483 3433 546 3490 port
564 3424 665 3478 alferat
683 3426 730 3492 (ita
746 3423 808 3493 PB)
826 3428 888 3480 add.
902 3429 987 3476 uocat
1004 3419 1040 3475 P‘

69 3495 102 3542 29
119 3491 256 3544 retulisset
273 3493 299 3544 B
368 3495 401 3545 30
418 3491 459 3543 set
476 3493 502 3542 B
