2362 3878
160 178 225 243 432
558 192 655 239 maai
676 193 729 240 vn

161 349 259 412 tertia
291 345 423 409 naribus
455 344 609 407 inseritur
640 346 708 408 uim
739 344 929 407 ministrans
962 343 1131 425 odorandi,

145 434 277 516 ¹quarta
304 429 451 513 palatum
476 431 568 492 tenet
596 450 659 512 quo
687 428 726 492 de
754 428 937 512 gustatibus
958 427 1131 510 iudicatur,

161 517 277 600 quinta
297 515 331 578 ui
352 535 411 577 sua
433 534 528 577 omne
550 534 666 597 corpus
687 513 811 597 implet,
828 512 932 576 omnis
946 512 1034 575 enim
1056 534 1133 595 pars

162 599 303 683 corporis
326 597 437 662 mollia
460 600 493 661 et
514 618 637 682 aspera,
653 598 774 682 frigida
790 599 823 661 et
838 597 942 660 calida
964 596 1132 660 discernit.

110 687 152 752 22
161 688 253 749 sexta
279 684 318 747 de
347 682 477 746 cerebro
505 703 617 746 means
638 681 840 746 stomachum
861 682 960 765 petit,
991 682 1042 744 cui
1064 703 1158 745 mas

159 771 245 834 xime
267 789 380 832 sensus
402 770 453 830 est
473 767 683 847 necessarius,
706 771 744 831 ut
756 789 839 850 quae
854 767 970 830 desunt
986 766 1132 850 adpetat,

160 855 321 938 superflua
342 854 474 936 respuat
495 852 584 915 etin
606 851 735 916 homine
751 852 857 915 sobrio
879 872 913 914 se
934 852 1004 934 ipse
1026 851 1132 914 mode-

146 944 259 1002 retur.
304 938 443 1021 septima
471 941 613 1018 συζυγία
639 958 812 1002 neruorum
834 936 979 1000 infundit
1000 957 1134 999 sensum

160 1022 278 1108 spinali
308 1021 481 1103 medullae,
516 1043 598 1104 quae
630 1022 692 1086 lroc
725 1025 776 1086 est
806 1021 940 1085 animali
972 1020 1057 1104 quod
1083 1023 1134 1085 est

160 1108 240 1172 naui
262 1107 373 1170 carina
395 1109 428 1170 et
442 1106 522 1170 adeo
543 1129 603 1170 usu
625 1111 682 1171 aut
703 1107 864 1191 dignitate
886 1106 1059 1190 praecipua
1082 1109 1134 1169 est
1147 1127 1172 1166 ιο

110 1195 151 1260 23
161 1197 198 1256 ut
224 1193 360 1276 longum
387 1191 552 1254 cerebrum
580 1214 599 1254 a
620 1192 752 1256 medicis
774 1191 818 1254 sit
838 1194 962 1254 uocata.
1008 1212 1047 1252 ex
1070 1190 1134 1254 hac

61 1290 65 1297 '
161 1278 298 1360 denique
320 1279 357 1338 ut
379 1298 418 1339 ex
442 1276 571 1340 cerebro
594 1277 712 1341 diuersi
727 1279 905 1341 nascuntur
921 1279 1046 1338 meatus
1068 1275 1133 1338 uir-

159 1365 264 1424 tutem
292 1361 395 1424 tribus
429 1362 555 1424 animae
583 1362 756 1444 propositis
784 1362 1016 1426 ministrantes
1067 1361 1133 1423 tria

160 1450 238 1510 sunt
259 1445 345 1507 enim
367 1465 449 1528 quac
471 1467 510 1508 ex
532 1447 658 1509 animae
685 1446 889 1529 prouidentia
917 1445 1037 1528 accipit
1065 1467 1132 1508 cor-

160 1550 220 1612 pus
248 1528 413 1592 animalis:
442 1531 479 1591 ut
505 1529 612 1612 uiuat,
642 1534 679 1594 ut
706 1532 819 1595 decore
847 1530 938 1593 uiuat
960 1535 993 1593 et
1015 1533 1052 1593 ut
1074 1530 1132 1592 im·
1147 1549 1171 1588 rs

109 1614 152 1678 24
161 1614 340 1677 mortalitas
376 1613 424 1677 illi
460 1615 661 1679 successione
698 1619 880 1699 quaeratur.
940 1614 990 1677 his
1026 1615 1132 1677 tribus

160 1699 348 1783 propositis,
371 1702 408 1761 ut
431 1698 511 1782 dixi,
541 1701 669 1764 animae
691 1722 749 1784 per
771 1700 930 1784 spinalem
958 1698 1132 1762 medullam

160 1784 334 1867 praebetur
355 1783 496 1847 effectus.
548 1807 625 1848 nam
648 1785 735 1849 cordi
758 1789 791 1849 et
811 1786 909 1848 iecori
932 1787 964 1847 et
986 1783 1132 1865 spirandi

159 1868 363 1948 ministeriis,
401 1890 483 1953 quae
519 1871 627 1933 omnia
665 1871 705 1933 ad
741 1869 916 1933 uiuendum
953 1869 1129 1952 pertinent,

160 1953 245 2017 uires
268 1953 307 2017 de
329 1953 510 2036 spiralibus
531 1976 610 2038 quos
633 1956 698 2018 dixi
721 1955 879 2018 meatibus
891 1954 1128 2017 ministrantur.
1144 1971 1168 2011 ao

159 2039 268 2103 neruis
302 2038 400 2101 etiam
432 2061 586 2102 manuum
618 2041 734 2122 pedum
766 2039 942 2102 aliarumne
975 2039 1129 2121 partium,

160 2144 218 2206 per
245 2145 323 2206 quas
351 2124 464 2187 decore
486 2125 622 2206 uiuitur,
652 2125 754 2188 uirtus
782 2124 851 2188 inte
874 2126 1072 2207 praestatur,
1097 2127 1131 2186 et

159 2212 197 2271 ut
218 2230 256 2271 ex
279 2208 331 2271 his
353 2209 512 2272 successio
534 2213 732 2292 procuretur,
756 2209 847 2272 nerui
871 2231 909 2271 ex
932 2209 1043 2272 eadem
1066 2208 1130 2291 spi-

159 2293 227 2356 nali
249 2293 388 2356 medulla
405 2293 563 2376 pudendis
585 2298 619 2357 ct
640 2295 778 2376 matrici,
796 2297 832 2357 ut
853 2316 946 2356 suum
968 2315 1047 2376 opus
1070 2294 1129 2355 im-

107 2376 281 2460 25pleant,
305 2378 541 2441 ministrantur.
576 2380 623 2441 ita
644 2379 734 2442 nulla
755 2379 790 2442 in
812 2377 942 2442 homine
963 2400 1038 2461 pars
1062 2399 1129 2441 cor·
1142 2394 1168 2434 25

159 2463 246 2545 poris
268 2462 338 2525 sine
353 2463 552 2544 spiramento
567 2464 651 2545 quod
665 2464 699 2526 in
723 2467 836 2527 uentre
851 2464 973 2527 cerebri
989 2463 1130 2526 locatum

159 2550 209 2608 est
230 2548 264 2609 et
285 2546 354 2608 sine
377 2546 512 2628 spinalis
535 2547 692 2610 medullae
714 2548 869 2629 beneficio
900 2550 1037 2611 constat.
1083 2547 1130 2610 sic

77 2688 85 2703 ,
159 2649 237 2712 ergo
258 2629 297 2691 fit
317 2632 363 2710 ut,
388 2651 460 2692 cum
481 2631 587 2713 ipsum
609 2632 774 2695 cerebrum
796 2655 892 2696 sensu
916 2637 1033 2715 careat,
1058 2654 1129 2696 sen-

159 2734 212 2776 sus
234 2716 344 2776 tamen
366 2735 385 2776 a
408 2715 538 2784 cerebro
559 2715 595 2780 in
617 2736 712 2780 omne
741 2739 855 2800 corpus
882 2718 1129 2800 proficiscatur?

107 2796 149 2860 26
244 2798 348 2881 ‘Euge
381 2796 558 2864 Graeculus
595 2805 716 2866 noster'
750 2803 937 2887 Euangelus
973 2804 1021 2865 ait
1049 2805 1129 2864 ‘tam
1143 2822 1168 2860 30

158 2881 255 2964 plane
284 2883 378 2946 nobis
405 2886 547 2949 ostendit
573 2908 624 2950 res
651 2891 766 2971 opertu
793 2892 929 2951 naturae
960 2890 1065 2950 tectas
1092 2890 1131 2950 ut

159 2966 310 3049 quicquid
343 2990 446 3033 sermo
479 2971 648 3054 descripsit
675 2972 776 3036 oculis
809 2972 917 3035 uidere
949 2972 1131 3035 uideamur..

106 3050 214 3115 2lsed
240 3051 412 3119 Eustathio
439 3055 505 3119 iarn
533 3057 627 3139 cedo,
657 3057 708 3121 cui
741 3057 905 3142 praeripui
940 3056 1128 3121 consulendi

226 3295 240 3343 1
259 3293 407 3343 inferiatur
424 3295 449 3343 P
515 3297 532 3346 6
552 3311 567 3343 a
589 3291 662 3359 pant
681 3297 705 3345 F
782 3297 814 3346 16
837 3293 992 3361 prouocat·
1013 3295 1041 3361 (q
1058 3313 1128 3349 corr.

156 3363 301 3412 atreides
313 3362 380 3419 u)P
445 3312 586 3426 20quosf
599 3364 713 3429 qnodl’
779 3366 812 3414 23
832 3381 865 3415 ex
883 3364 1026 3418 hisom,P
1077 3364 1128 3429 lpi-

156 3423 330 3479 aaron?
414 3425 589 3481 acunila?
655 3432 815 3498 ltcrnP
898 3436 931 3483 30
949 3429 1091 3498 grelculul
1104 3433 1130 3481 P

156 3501 190 3546 32
207 3494 315 3562 uidere]
333 3495 397 3546 urde
408 3512 445 3545 *s
463 3499 488 3548 P
