2362 3878
112 165 177 231 648
425 180 586 228 sonurvu
609 179 781 229 sermome

112 333 214 398 totius
245 332 358 397 mundi
391 332 618 397 incitatissima
651 333 859 397 conuersione
891 334 1020 398 sonitus
1052 340 1091 400 ut

114 440 187 482 eum
203 439 296 481 aures
310 416 478 481 hominum
494 438 606 500 capere
621 438 687 480 non
700 418 838 500 possint,
862 417 946 482 sicut
967 419 1090 484 intueri

115 503 214 567 solem
237 502 405 567 aduersum
426 502 566 585 nequitis
589 502 718 586 eiusque
745 502 844 566 radiis
867 504 952 566 acies
978 508 1090 569 uestra

113 587 279 651 uincitur!
323 587 404 651 haec
428 608 488 671 ego
511 586 673 650 admirans
695 586 875 651 referebam
889 590 1001 652 tamen
1016 611 1090 654 ocu-

113 672 162 736 los
185 672 226 737 ad
247 675 367 735 terram
388 670 575 735 identidem.
1115 693 1130 732 ⁵

61 822 111 889 VI
196 824 279 887 Tum
301 824 476 887 Africanus
499 822 628 887 ‘sentio’
654 822 762 906 inquit
782 825 827 886 ‘te
849 823 958 887 sedem
990 827 1091 889 etiam

113 931 202 973 nunc
222 908 388 972 hominum
410 930 449 972 ac
470 908 599 971 domum
621 906 842 989 contemplari.
887 910 1013 991 quaesi
1030 911 1091 974 tibi

114 1015 214 1076 parua
235 996 272 1056 ut
287 996 346 1076 est,
369 993 572 1074 madidetur,
597 992 676 1056 haec
693 992 843 1057 caelestia
858 1012 985 1075 semper
1000 1016 1091 1079 spec·

113 1082 194 1160 tate,
217 1077 274 1141 illa
295 1076 438 1141 humana
461 1077 665 1141 contemnito.
709 1079 746 1140 tn
773 1076 860 1141 enim
888 1099 985 1160 quarn
1009 1079 1089 1142 cele-

114 1163 267 1226 britatem
294 1162 449 1226 sermonis
476 1160 643 1225 hominum
665 1163 723 1224 aut
749 1183 846 1245 quam
874 1164 1089 1245 expetendam
1103 1180 1128 1219 10

116 1247 267 1331 consequi
299 1248 435 1331 gloriam
467 1245 584 1329 potes?
624 1246 715 1310 uides
750 1245 893 1310 habitari
929 1246 965 1310 in
1001 1250 1089 1311 terra

113 1333 196 1396 raris
219 1335 251 1395 et
279 1331 425 1416 angustis
447 1330 482 1393 in
503 1330 582 1393 locis
605 1330 695 1394 etin
721 1329 800 1413 ipsis
827 1332 918 1414 quasi
941 1332 1088 1413 macula,

114 1416 170 1479 ubi
192 1415 374 1497 habitatur,
404 1418 514 1478 uastas
544 1414 734 1480 solitudines
761 1415 949 1480 interiectas
973 1437 1088 1500 eosque

114 1500 169 1583 qui
190 1499 336 1563 incolant
363 1502 484 1562 terram
511 1520 577 1563 non
605 1499 698 1563 modo
728 1499 926 1584 interruptos
949 1500 997 1564 ita
1020 1523 1088 1565 esse

113 1588 151 1646 ut
171 1582 255 1647 nihil
276 1583 362 1647 inter
382 1583 470 1667 ipsos
493 1583 533 1647 ab
557 1583 628 1646 aliis
651 1584 692 1647 ad
714 1583 795 1648 alios
825 1606 958 1648 manare
985 1586 1089 1668 possit
1102 1597 1126 1637 1⁵

114 1668 169 1732 sed
184 1668 304 1752 partim
319 1668 474 1752 obliquos,
491 1667 611 1752 partim
625 1670 840 1752 transuersos,
855 1670 972 1751 partim
988 1671 1088 1733 etiam

115 1753 265 1818 aduersos
296 1755 380 1817 stare
412 1751 515 1835 nobie,
550 1774 569 1815 a
602 1753 716 1835 quibus
750 1756 915 1837 expectare
948 1751 1087 1836 gloriam

77 1836 201 1902 2eerte
223 1837 347 1901 nullam
369 1837 515 1921 potestis.
562 1837 665 1901 cernis
689 1840 796 1901 autem
818 1836 951 1900 eandem
964 1840 1088 1899 terram

114 1923 205 2005 quasi
226 1922 417 2006 quibusdam
437 1921 619 1985 redimitam
641 1925 674 1985 et
697 1922 927 1987 circumdatam
950 1921 1089 2005 cingulis

114 2029 132 2070 e
155 2007 268 2091 quibus
291 2007 368 2070 duos
391 2005 530 2070 maxime
551 2006 638 2069 inter
659 2027 693 2069 se
716 2006 857 2071 diuersos
873 2011 906 2070 et
921 2006 1002 2070 caeli
1018 2021 1125 2069 uer-²0

114 2092 232 2155 ticibus
261 2091 340 2189 ipsis
369 2113 408 2154 ex
437 2093 572 2173 utraque
601 2093 694 2174 parte
722 2091 874 2155 subnixos
908 2090 1089 2174 obriguisse

114 2177 232 2259 pruina
254 2177 354 2258 iudea,
377 2175 518 2239 medium
540 2177 646 2239 autem
668 2175 760 2238 illum
774 2178 806 2238 et
820 2174 998 2238 maximum
1013 2174 1089 2238 solis

73 2259 98 2323 3
114 2260 225 2324 ardore
247 2261 373 2326 torreri.
419 2260 481 2323 duo
497 2262 574 2323 sunt
589 2259 791 2342 habitabiles,
816 2280 951 2343 quorum
966 2262 1089 2322 austra-

114 2345 154 2408 lis
181 2345 236 2409 ille
263 2345 299 2408 in
327 2367 390 2429 quo
418 2344 473 2429 qui
501 2344 656 2408 insistunt
683 2344 819 2408 aduersa
845 2342 937 2407 uobis
969 2347 1089 2427 urgent

114 2430 254 2514 uestigia
281 2430 364 2494 nihil
393 2431 433 2493 ad
460 2431 603 2493 uestrum
631 2449 750 2512 genus,
784 2428 837 2492 hic
866 2431 973 2491 autem
1006 2426 1089 2490 alter
1102 2441 1128 2482 2⁵

115 2515 277 2578 subiectus
301 2514 452 2597 aquiloni,
478 2534 572 2595 quem
592 2512 752 2597 incolitis,
778 2533 871 2578 cerne
886 2533 982 2595 quam
997 2513 1090 2575 tenui

114 2619 172 2662 uos
195 2601 288 2682 parte
311 2597 489 2681 contingat.
536 2597 640 2660 omnis
668 2598 754 2661 enim
776 2600 879 2679 terra,
908 2618 991 2680 quae
1015 2595 1089 2660 coli-

114 2685 168 2745 tur
191 2705 209 2745 a
231 2681 338 2761 nobie,
371 2684 546 2765 angustata
573 2682 764 2764 uerticibus,
796 2680 952 2745 lateribus
979 2680 1087 2757 latior,

114 2788 216 2849 parua
239 2763 396 2846 quaedam
417 2767 523 2830 insula
546 2768 595 2829 est
618 2766 810 2830 circumfusa
831 2765 887 2828 illo
906 2766 989 2827 mari
1005 2765 1088 2847 quod

114 2849 332 2933 Atlanticum,
349 2851 434 2935 quod
448 2872 613 2935 magnum,
630 2872 725 2934 quem
736 2850 909 2915 Oceanum·
916 2849 1088 2933 appellatis
1101 2863 1128 2903 ³0

119 2988 322 2997 ——-—----..

182 3073 199 3121 3
214 3078 277 3135 post
294 3072 385 3122 uestra
404 3076 464 3126 add.
480 3071 631 3137 sensusq38
682 3070 860 3123 lammiranl
872 3071 923 3121 PB
975 3069 1088 3120 bidem-

114 3138 200 3188 trdem
218 3138 244 3187 B
313 3141 427 3204 61nqur
445 3133 479 3190 B'
565 3143 758 3207 beontr'epmto
776 3140 826 3190 PB
913 3141 945 3188 12
963 3136 1093 3187 masculis

112 3207 139 3255 B
215 3208 247 3256 13
265 3206 339 3271 holq3
359 3208 383 3256 B
468 3210 501 3258 14
519 3205 667 3273 εεεθ1ἔΒ
753 3211 785 3260 16
803 3210 905 3273 partim
924 3202 1094 3280 transuersol

113 3289 160 3323 om.
183 3273 247 3323 Pet
264 3277 290 3323 in
304 3277 357 3338 fine
374 3275 528 3340 popinaeB
597 3277 628 3326 17
647 3275 773 3340 spectare
792 3276 817 3325 B
886 3277 919 3326 18
938 3274 1036 3323 eadem
1054 3271 1081 3319 B

116 3343 147 3390 19
167 3341 328 3392 circundata
345 3345 370 3392 P
437 3345 469 3393 22
490 3340 588 3394 ardore
608 3341 672 3392 lolrl
685 3342 711 3392 B
780 3346 814 3394 24
832 3345 954 3407 urguent
971 3341 996 3390 P
1055 3341 1090 3388 29

114 3407 203 3458 infula
221 3409 247 3457 B
319 3414 351 3461 30
371 3410 572 3462 athlantreuP
639 3413 763 3462 occeani]
782 3410 807 3461 B
860 3410 934 3475 quod
952 3422 1090 3459 oceanum

112 3469 146 3525 P'
199 3477 330 3542 apellatrl
343 3481 369 3529 P

43 3613 73 3632 h
84 3626 88 3631 .
