2362 3878
115 148 179 214 408
513 163 610 210 maru
626 163 677 210 vn

115 316 278 382 monuisse
305 315 396 379 illum
424 318 594 379 contentus
621 314 724 380 forem
750 316 964 380 institutionis
992 339 1086 402 pecu-

118 401 208 484 dum,
238 400 352 485 quibus
381 421 454 464 cum
481 399 618 484 simplex
651 403 684 465 et
716 400 885 464 uniformis
914 401 1003 465 cibus
1032 403 1084 486 sit,

116 487 217 551 multo
245 485 388 550 saniores
422 486 498 548 sunt
530 484 714 568 corporibus
745 484 911 568 humanis,
941 489 974 551 et
1000 487 1087 552 inter

117 573 203 720 {ab
220 568 1113 740 tutattattcazeffituaattttut⁵

79 740 305 806 bfareiuntur.
355 761 416 804 nec
445 738 608 803 dubitaret
634 739 770 823 posthae
800 761 872 805 cum
895 740 1088 805 aduertisset

118 824 310 889 animalibus
333 823 472 909 simplici
495 823 566 889 cibo
588 824 754 888 utentibus
781 824 974 888 familiarem
1002 826 1087 889 sani·

116 912 236 993 tatem,
259 930 444 994 aegrescere
468 911 576 972 autem
597 911 630 972 et
649 908 736 972 inter
756 908 813 973 illa
836 930 917 993 quae
939 909 1088 994 saginam

117 995 285 1080 conposita
307 994 465 1058 uarietate
485 994 664 1078 patiuntur,
681 993 756 1077 quia
780 996 908 1058 constat
928 994 962 1058 id
985 1015 1087 1078 genus

116 1079 288 1144 alimoniae
298 1100 365 1143 non
375 1079 479 1164 magis
493 1078 585 1163 copia
606 1099 703 1162 quam
717 1079 875 1143 uarietate
891 1079 1085 1143 crudescere.
1101 1098 1127 1137 ιο

79 1164 251 1229 dfortasse
273 1163 364 1227 illum
386 1164 600 1228 adtentiorem
628 1163 773 1247 exemplo
803 1164 905 1227 altero
926 1163 1085 1245 fecissem,

117 1253 153 1313 ut
180 1248 396 1314 consideraret
429 1247 555 1312 nullum
581 1269 735 1330 umquam
768 1248 868 1312 fuisse
893 1248 1088 1312 medicorum

118 1334 203 1399 circa
226 1353 317 1397 curas
340 1332 597 1417 aegrescentium
617 1335 686 1396 tam
709 1332 839 1397 audacis
861 1333 1087 1417 neglegentiae

116 1419 153 1482 ut
173 1416 325 1481 febrienti
347 1417 473 1482 uarium
495 1420 528 1481 et
549 1438 616 1481 non
638 1416 818 1500 simplicem
846 1418 952 1482 eibum
985 1417 1086 1480 daret.

118 1501 204 1599 adeo·
220 1503 348 1599 constat
368 1523 464 1586 quam
485 1502 592 1600 facilis
615 1501 743 1587 digestu
765 1503 807 1567 sit
833 1502 1003 1566 uniformis
1031 1501 1127 1599 ali-15

81 1586 1086 1765 2ttffltdtdaltttffltttassttttt’attttl

118 1755 261 1820 ciborum
283 1756 473 1822 uarietatem
487 1761 524 1821 ut
539 1757 630 1821 uaria
645 1756 751 1822 solent
765 1754 843 1819 uina
857 1755 986 1817 mutan.
1014 1753 1085 1836 quis

118 1840 205 1904 enim
227 1841 372 1926 ambigat
393 1862 466 1905 eum
487 1842 541 1926 qui
564 1842 690 1907 diuerso
711 1841 787 1906 uino
802 1839 904 1903 utitur
917 1838 953 1902 in
974 1858 1087 1921 repen-

116 1924 221 1989 tinam
253 1946 346 1989 ruere
379 1926 566 1990 ebrietatem
598 1926 737 1991 necdum
768 1923 829 1989 hoc
862 1926 958 2008 potus
995 1923 1087 2007 eopia
1101 1940 1127 1981 20

60 2009 328 2095 'Spostulante‘l
370 2013 478 2074 tecum
500 2013 607 2074 autem
629 2010 737 2094 Vetti,
763 2010 813 2075 cui
836 2009 896 2074 soli
918 2007 1088 2092 perfectio-

116 2116 192 2158 nem
220 2094 364 2158 omnium
390 2094 632 2179 disciplinarum
660 2096 799 2180 contigit
826 2094 987 2179 optinere,
1021 2114 1089 2156 non

116 2181 186 2244 tam
208 2179 363 2264 exemplis
385 2201 482 2263 quam
503 2179 629 2243 ratione
650 2180 858 2244 tractandum
881 2182 939 2262 est,
956 2199 1038 2262 quae
1057 2180 1090 2241 et

118 2286 169 2329 me
191 2267 322 2329 tacente
346 2264 429 2328 clam
450 2266 483 2328 te
507 2285 664 2329 essenon
687 2264 817 2349 poterit.

82 2349 102 2414 9
203 2349 386 2416 Cruditates
410 2348 563 2413 eueniunt
585 2351 642 2412 aut
664 2349 819 2433 qualitate
842 2347 909 2411 suci
937 2346 971 2410 in
995 2368 1089 2429 quem
1102 2362 1128 2402 25

119 2434 208 2499 cibus
236 2434 390 2517 uertitur,
420 2435 448 2498 si
474 2454 541 2498 non
564 2433 606 2497 sit
628 2445 720 2517 aptus
748 2431 873 2495 humori
896 2431 951 2515 qui
974 2452 1088 2513 corpus

118 2519 269 2603 optinuit,
294 2521 351 2582 aut
371 2518 472 2602 ipsius
496 2517 557 2583 eibi
579 2516 793 2600 multitudine,
818 2537 885 2579 non
906 2514 1089 2578 sufficiente

117 2605 235 2665 natura
263 2602 304 2666 ad
336 2603 445 2666 omnia
467 2623 549 2687 quae
572 2604 726 2686 congesta
748 2602 825 2665 sunt
847 2599 1087 2684 concoquenda,

69 2687 110 2752 10
119 2705 157 2750 ac
178 2686 318 2770 primum
340 2686 379 2750 de
402 2688 470 2751 suci
491 2686 648 2772 qualitate
669 2685 844 2750 uideamus.
890 2686 945 2770 qui
967 2685 1088 2768 simpli-

120 2790 190 2834 cem
217 2769 324 2835 oibum
352 2771 451 2836 sumit
475 2771 572 2838 facile
599 2791 661 2855 quo
690 2791 766 2835 suec
800 2792 914 2854 corpus
942 2771 1010 2834 eius
1036 2768 1089 2832 uel
1101 2785 1128 2825 30

119 2857 274 2939 grauetur
301 2855 354 2919 uel
382 2856 509 2920 iuuetur
535 2879 595 2921 usu
627 2856 764 2920 docente
798 2857 974 2940 cognoscit.
1028 2875 1088 2918 nee

119 2938 206 3002 enim
228 2939 366 3025 ambigit
388 2940 477 3004 cuius
501 2941 564 3006 cibi
585 2942 741 3025 qualitate
763 2960 928 3025 possessus
951 2941 994 3003 sit
1016 2961 1088 3003 oum

118 3045 220 3086 unum
252 3024 438 3109 sumpserit,
473 3028 506 3089 et
541 3025 588 3089 ita
619 3025 658 3089 fit
689 3027 726 3090 ut
757 3046 843 3089 noxa
875 3024 964 3088 cuius
993 3045 1088 3088 causa

70 3107 318 3191 lldeprehensa
339 3109 398 3193 sit,
421 3108 517 3174 facile
540 3109 670 3174 uitetur.
710 3109 765 3207 qui
787 3111 894 3174 autem
916 3106 1087 3191 multiplici

121 3193 191 3257 cibo
214 3194 312 3258 alitur
333 3193 475 3258 diuersas
498 3195 623 3278 patitur
644 3193 816 3275 quahtates
840 3215 879 3258 ex
902 3193 1087 3256 diuersitate
1101 3208 1127 3248 ³5

145 3401 281 3476 'lfore
300 3402 325 3450 P
391 3402 505 3479 tuanq
523 3401 550 3450 P
617 3391 814 3450 12fee1sseP'
883 3401 915 3450 26
933 3398 1016 3449 siout
1034 3401 1086 3452 uid.

119 3469 145 3517 P
219 3468 450 3534 29qu1dutuid.
469 3469 495 3519 P
