2362 3878
465 196 562 259 xuu,
587 188 695 240 19-29
885 205 902 240 ι
999 179 1062 242 623

98 347 211 411 cendi
233 348 322 431 ipsa
344 369 421 411 non
442 347 639 430 nascitur,
663 350 701 410 et
722 348 810 431 ipsa
826 351 1062 432 ergomotus

98 454 214 495 causa
236 432 299 496 uel
320 433 484 496 initium
505 453 583 495 non
605 434 799 513 mouetur,
824 453 917 516 ergo
933 433 1062 497 anima

97 538 194 599 quae
209 516 370 589 initium
385 519 513 580 motus
529 519 679 582 estnon
699 519 890 579 mouetur.
935 514 1115 580 additur25

96 601 156 664 hoc
185 623 308 684 quoque
340 622 546 684 numquam
578 601 684 684 inquit
714 600 830 664 fieri
858 604 991 683 potest
1022 606 1064 664 ut

71 685 206 750 scirca
233 707 347 749 unam
375 685 617 770 eandemque
638 706 718 748 rem
746 706 820 748 uno
854 685 1063 768 eodemque

96 774 273 852 tempore
307 770 620 834 contrarietates
654 769 700 832 ad
732 791 849 833 unum
883 769 1063 866 idemque

96 855 351 938 pertinentes
384 855 591 935 eueniant,
630 855 776 918 scimus
810 857 938 918 autem
971 876 1064 937 qura

96 960 251 1002 mouere
273 938 411 1003 facere
434 942 492 1004 est
514 943 551 1002 et
572 938 823 1021 moueripati
839 941 913 1019 est,
939 938 1062 1022 eiigi-

96 1028 159 1086 tur
180 1023 283 1106 quod
306 1045 344 1087 se
365 1026 496 1087 mouet
522 1023 638 1088 simul
667 1023 857 1087 eueniant
884 1022 959 1086 duo
985 1022 1064 1086 sibi

57 1132 82 1169 ιο
97 1108 300 1172 contraria
322 1108 676 1192 etfacereetpati‚
701 1107 801 1191 quod
822 1107 1063 1190 inpossibile
1160 1110 1163 1115 '

96 1193 938 1276 est,animaigiturnonpotcstsemouere.
984 1190 1114 1255 nemas

96 1277 174 1340 dicit
202 1277 234 1340 si
263 1278 414 1342 animae
442 1279 620 1341 essentia
646 1280 774 1342 motus
803 1280 924 1357 esset,
954 1298 1062 1340 num-

95 1382 208 1445 quam
229 1362 458 1444 quiesceret
472 1385 491 1425 a
505 1365 628 1445 motu,
651 1362 755 1426 nihil
771 1365 832 1425 est
847 1361 948 1425 enim
964 1362 1063 1444 quod

95 1445 485 1528 recipiatessentiae
501 1468 592 1512 suae
608 1445 952 1511 contrarietatem.
974 1467 1063 1509 nam

56 1529 205 1612 rsignis
227 1551 436 1613 numquam
457 1532 634 1616 frigidus
659 1531 1063 1614 eritnecnixsponte

95 1635 274 1697 umquam
305 1614 495 1697 calescet,
526 1619 656 1680 anima
686 1619 815 1679 autam
843 1637 920 1679 non
954 1637 1063 1677 num·

96 1720 209 1782 quam
231 1721 250 1761 a
272 1704 378 1763 motu
401 1703 546 1782 cessat,
574 1723 653 1764 non
681 1701 784 1764 enim
807 1720 958 1782 semper
981 1719 1064 1762 cor·

95 1807 164 1865 pus
186 1783 364 1847 uidemus
387 1783 551 1867 agitari,
575 1806 653 1847 non
680 1784 806 1868 igitur
834 1783 989 1845 animae
1012 1803 1064 1845 es·
1152 1782 1153 1786 ’

96 1869 226 1931 sentia
255 1871 383 1931 motus
411 1872 472 1931 est
503 1868 613 1933 cuius
646 1867 981 1930 contrarietatem
1006 1888 1063 1930 re·

56 1955 242 2033 acceptat.
288 1952 334 2015 ait
357 1953 453 2014 etiam
475 1952 604 2015 anima
627 1952 659 2014 si
682 1951 776 2014 aliis
800 1972 916 2015 causa
936 1947 1114 2014 morasti

96 2042 169 2117 est,
193 2036 280 2118 ipsa
303 2035 383 2099 sibi
407 2057 523 2100 causa
544 2039 669 2100 motus
692 2057 777 2100 esse
799 2035 1061 2119 nonpoterit‚

95 2120 200 2184 nihil
231 2124 291 2183 est
319 2121 424 2184 enim
454 2120 559 2204 inquit
587 2121 687 2203 quod
709 2120 883 2184 eiusdem
904 2119 963 2182 rei
985 2119 1064 2183 sibi

97 2227 215 2268 causa
237 2205 306 2287 sit,
337 2206 448 2269 ouius
478 2209 538 2285 est
560 2205 632 2268 alii
659 2208 703 2268 ut
729 2204 905 2268 medicus
932 2207 974 2268 ut
1002 2225 1063 2267 ex-

96 2289 244 2353 ercitor
267 2311 475 2373 corporum
506 2290 727 2353 sanitatem
755 2288 817 2352 uel
843 2288 1064 2352 ualentiam

57 2395 207 2457 usquam
233 2374 304 2438 ille
334 2375 469 2460 aegris
491 2374 555 2438 hic
583 2374 852 2439 luctatoribus
880 2375 1064 2456 praestat

94 2481 172 2522 non
193 2459 330 2543 utique
346 2459 476 2524 exhoc
492 2460 610 2524 etiam
625 2459 702 2523 sibi
724 2461 946 2542 praestant.
984 2454 1114 2520 item28

95 2543 174 2606 dicit
195 2545 322 2608 omnis
343 2549 471 2609 motus
494 2544 538 2608 ad
568 2544 805 2608 exercitium
827 2542 887 2606 sui
908 2543 1063 2606 instru-

95 2629 229 2691 mento
252 2633 343 2712 eget
364 2634 407 2694 ut
434 2629 688 2714 singulorum
718 2631 863 2692 artium
884 2648 976 2690 usus
999 2626 1063 2690 do·

96 2715 175 2793 cet,
210 2733 309 2796 ergo
342 2715 554 2778 uidendum
586 2736 639 2777 ne
672 2716 718 2777 et
751 2714 906 2776 animae
940 2711 990 2775 ad
1024 2732 1062 2774 se

57 2796 324 2859 aomouendum
354 2799 622 2862 instrumento
658 2819 755 2881 opus
790 2797 859 2879 sit,
898 2796 998 2880 quod
1030 2795 1062 2859 si

94 2880 337 2963 inpossibile
364 2881 588 2963 iudicatur,
623 2884 660 2945 et
690 2880 792 2944 illud
818 2880 1062 2964 inpossibile

95 2965 173 3028 crit
200 2967 242 3028 ut
270 2965 400 3029 anima
427 2966 513 3049 ipsa
541 2987 581 3029 se
609 2969 777 3030 moueat.
822 2966 902 3029 item
928 2965 1007 3029 dicit
1028 2965 1114 3030 sire

95 3052 276 3113 mouetur
298 3051 442 3134 anima,
468 3049 554 3113 sine
577 3050 694 3114 dubio
710 3049 1061 3134 cumreliquismo-

164 3277 177 3323 1
198 3270 275 3338 ergo]
295 3277 380 3338 igitur
397 3273 423 3322 B
482 3273 571 3324 motus
577 3289 589 3318 a
607 3274 632 3322 P
707 3275 724 3323 4
741 3282 767 3323 et
784 3276 816 3322 22
835 3271 929 3336 mquid
946 3261 977 3319 P'
1046 3272 1061 3319 8

95 3333 295 3392 &mmmfl
382 3340 591 3391 9wwmmB
678 3338 960 3406 lommffimpss
1030 3341 1061 3388 w

96 3404 1061 3474 Qfflmffffimmffimefflmfflffeu

97 3497 225 3544 orcitator
243 3494 268 3543 B
320 3496 353 3544 29
373 3510 389 3543 u
408 3493 434 3543 sc
452 3493 478 3542 P
527 3495 559 3544 31
578 3491 799 3558 tirrmpoffibrle
817 3492 843 3542 B
895 3494 927 3543 32
945 3480 1021 3544 mttt
1038 3492 1064 3540 P
