<?xml version="1.0" encoding="UTF-8"?>
<!DOCTYPE html PUBLIC "-//W3C//DTD XHTML 1.0 Transitional//EN"
    "http://www.w3.org/TR/xhtml1/DTD/xhtml1-transitional.dtd">
<html xmlns="http://www.w3.org/1999/xhtml" xml:lang="en" lang="en">
 <head>
  <title>
</title>
<meta http-equiv="Content-Type" content="text/html;charset=utf-8" />
  <meta name='ocr-system' content='tesseract 3.04.00' />
  <meta name='ocr-capabilities' content='ocr_page ocr_carea ocr_par ocr_line ocrx_word'/>
</head>
<body>
  <div class='ocr_page' id='page_1' title='image "./macrobivs00macrgoog_0443.png"; bbox 0 0 2362 3878; ppageno 0'>
   <div class='ocr_carea' id='block_1_1' title="bbox 149 187 720 251">
    <p class='ocr_par' dir='ltr' id='par_1_1' title="bbox 149 187 720 251">
     <span class='ocr_line' id='line_1_1' title="bbox 149 187 720 251; baseline -0.011 0"><span class='ocrx_word' id='word_1_1' title='bbox 149 187 213 251; x_wconf 80' lang='lat'>428</span> <span class='ocrx_word' id='word_1_2' title='bbox 551 199 647 247; x_wconf 80' lang='lat' dir='ltr'>marn</span> <span class='ocrx_word' id='word_1_3' title='bbox 669 200 720 246; x_wconf 88' lang='lat' dir='ltr'>vn</span> 
     </span>
    </p>
   </div>
   <div class='ocr_carea' id='block_1_2' title="bbox 27 351 1159 1961">
    <p class='ocr_par' dir='ltr' id='par_1_2' title="bbox 27 351 1159 1961">
     <span class='ocr_line' id='line_1_2' title="bbox 100 351 1123 439; baseline -0.005 -18"><span class='ocrx_word' id='word_1_4' title='bbox 100 354 286 439; x_wconf 86' lang='lat' dir='ltr'>13amplius</span> <span class='ocrx_word' id='word_1_5' title='bbox 319 353 466 437; x_wconf 88' lang='lat' dir='ltr'>quotiens</span> <span class='ocrx_word' id='word_1_6' title='bbox 498 373 601 417; x_wconf 89' lang='lat' dir='ltr'>nouus</span> <span class='ocrx_word' id='word_1_7' title='bbox 635 352 664 416; x_wconf 92' lang='lat' dir='ltr'>ei</span> <span class='ocrx_word' id='word_1_8' title='bbox 696 354 800 416; x_wconf 88' lang='lat' dir='ltr'>motus</span> <span class='ocrx_word' id='word_1_9' title='bbox 834 351 1039 415; x_wconf 82' lang='lat' dir='ltr'>accesserit‘l&#39;</span> <span class='ocrx_word' id='word_1_10' title='bbox 1091 356 1123 416; x_wconf 91' lang='lat' dir='ltr'>et</span> 
     </span>
     <span class='ocr_line' id='line_1_3' title="bbox 149 435 1122 520; baseline -0.003 -16"><span class='ocrx_word' id='word_1_11' title='bbox 149 440 297 505; x_wconf 85' lang='lat' dir='ltr'>Disarius</span> <span class='ocrx_word' id='word_1_12' title='bbox 318 437 446 502; x_wconf 78' lang='lat' dir='ltr'>‘calida&#39;</span> <span class='ocrx_word' id='word_1_13' title='bbox 474 436 580 520; x_wconf 89' lang='lat' dir='ltr'>inquit</span> <span class='ocrx_word' id='word_1_14' title='bbox 602 441 695 520; x_wconf 74' lang='lat' dir='ltr'>‘quac</span> <span class='ocrx_word' id='word_1_15' title='bbox 718 435 899 500; x_wconf 85' lang='lat' dir='ltr'>adhaeserit</span> <span class='ocrx_word' id='word_1_16' title='bbox 920 441 1032 501; x_wconf 87' lang='lat' dir='ltr'>nostro</span> <span class='ocrx_word' id='word_1_17' title='bbox 1055 457 1122 501; x_wconf 89' lang='lat' dir='ltr'>cor-</span> 
     </span>
     <span class='ocr_line' id='line_1_4' title="bbox 148 520 1122 609; baseline -0.003 -20"><span class='ocrx_word' id='word_1_18' title='bbox 148 526 221 609; x_wconf 83' lang='lat' dir='ltr'>pori</span> <span class='ocrx_word' id='word_1_19' title='bbox 241 545 316 587; x_wconf 86' lang='lat' dir='ltr'>mox</span> <span class='ocrx_word' id='word_1_20' title='bbox 336 522 470 606; x_wconf 82' lang='lat' dir='ltr'>praebet</span> <span class='ocrx_word' id='word_1_21' title='bbox 489 524 615 586; x_wconf 85' lang='lat' dir='ltr'>tactum</span> <span class='ocrx_word' id='word_1_22' title='bbox 636 521 686 585; x_wconf 89' lang='lat' dir='ltr'>sui</span> <span class='ocrx_word' id='word_1_23' title='bbox 707 521 956 586; x_wconf 80' lang='lat' dir='ltr'><strong>mansuetiorem</strong></span> <span class='ocrx_word' id='word_1_24' title='bbox 970 520 1023 586; x_wconf 89' lang='lat' dir='ltr'>uel</span> <span class='ocrx_word' id='word_1_25' title='bbox 1046 523 1122 606; x_wconf 86' lang='lat' dir='ltr'>quia</span> 
     </span>
     <span class='ocr_line' id='line_1_5' title="bbox 151 606 1122 690; baseline -0.004 -16"><span class='ocrx_word' id='word_1_26' title='bbox 151 611 216 674; x_wconf 90' lang='lat' dir='ltr'>cuti</span> <span class='ocrx_word' id='word_1_27' title='bbox 239 608 385 673; x_wconf 82' lang='lat' dir='ltr'>adsueuit</span> <span class='ocrx_word' id='word_1_28' title='bbox 404 606 457 671; x_wconf 88' lang='lat' dir='ltr'>uel</span> <span class='ocrx_word' id='word_1_29' title='bbox 479 607 553 690; x_wconf 88' lang='lat' dir='ltr'>quia</span> <span class='ocrx_word' id='word_1_30' title='bbox 573 606 677 690; x_wconf 81' lang='lat' dir='ltr'>frigus</span> <span class='ocrx_word' id='word_1_31' title='bbox 700 606 865 689; x_wconf 85' lang='lat' dir='ltr'>accepite</span> <span class='ocrx_word' id='word_1_32' title='bbox 887 606 991 690; x_wconf 85' lang='lat' dir='ltr'>nobis,</span> <span class='ocrx_word' id='word_1_33' title='bbox 1016 611 1122 671; x_wconf 90' lang='lat' dir='ltr'>motus</span> 
     </span>
     <span class='ocr_line' id='line_1_6' title="bbox 149 692 1147 778; baseline -0.001 -21"><span class='ocrx_word' id='word_1_34' title='bbox 149 716 225 759; x_wconf 89' lang='lat' dir='ltr'>uero</span> <span class='ocrx_word' id='word_1_35' title='bbox 248 715 364 778; x_wconf 85' lang='lat' dir='ltr'>aquam</span> <span class='ocrx_word' id='word_1_36' title='bbox 385 713 505 757; x_wconf 87' lang='lat' dir='ltr'>nouem</span> <span class='ocrx_word' id='word_1_37' title='bbox 526 712 652 774; x_wconf 84' lang='lat' dir='ltr'>semper</span> <span class='ocrx_word' id='word_1_38' title='bbox 673 711 712 754; x_wconf 89' lang='lat' dir='ltr'>ac</span> <span class='ocrx_word' id='word_1_39' title='bbox 732 712 851 754; x_wconf 88' lang='lat' dir='ltr'>nouam</span> <span class='ocrx_word' id='word_1_40' title='bbox 871 692 997 774; x_wconf 83' lang='lat' dir='ltr'>corpori</span> <span class='ocrx_word' id='word_1_41' title='bbox 1019 693 1147 775; x_wconf 69' lang='lat' dir='ltr'>appii-⁶</span> 
     </span>
     <span class='ocr_line' id='line_1_7' title="bbox 151 774 1122 874; baseline -0.004 -30"><span class='ocrx_word' id='word_1_42' title='bbox 151 783 204 844; x_wconf 86' lang='lat' dir='ltr'>cat</span> <span class='ocrx_word' id='word_1_43' title='bbox 226 782 259 844; x_wconf 89' lang='lat' dir='ltr'>et</span> <span class='ocrx_word' id='word_1_44' title='bbox 281 781 426 842; x_wconf 72' lang='lat' dir='ltr'>cessante</span> <span class='ocrx_word' id='word_1_45' title='bbox 450 776 670 874; x_wconf 59' lang='lat' dir='ltr'>adsuetudine,</span> <span class='ocrx_word' id='word_1_46' title='bbox 694 774 732 840; x_wconf 87' lang='lat' dir='ltr'>de</span> <span class='ocrx_word' id='word_1_47' title='bbox 755 797 818 859; x_wconf 82' lang='lat' dir='ltr'>quo</span> <span class='ocrx_word' id='word_1_48' title='bbox 839 775 935 872; x_wconf 85' lang='lat' dir='ltr'>paulo</span> <span class='ocrx_word' id='word_1_49' title='bbox 951 779 1027 840; x_wconf 88' lang='lat' dir='ltr'>ante</span> <span class='ocrx_word' id='word_1_50' title='bbox 1044 776 1122 840; x_wconf 81' lang='lat' dir='ltr'>dixi-</span> 
     </span>
     <span class='ocr_line' id='line_1_8' title="bbox 100 860 1123 1032; baseline -0.002 -20"><span class='ocrx_word' id='word_1_51' title='bbox 100 860 962 1032; x_wconf 60' lang='lat' dir='ltr'>14”⁰¹²⁵2ttPtgttttttltttttttt</span> <span class='ocrx_word' id='word_1_52' title='bbox 1000 945 1123 1010; x_wconf 58' lang='lat' dir='ltr'>carus</span> 
     </span>
     <span class='ocr_line' id='line_1_9' title="bbox 150 1029 1122 1114; baseline -0.003 -17"><span class='ocrx_word' id='word_1_53' title='bbox 150 1036 273 1098; x_wconf 86' lang='lat' dir='ltr'>aestate</span> <span class='ocrx_word' id='word_1_54' title='bbox 300 1031 401 1096; x_wconf 87' lang='lat' dir='ltr'>flabro</span> <span class='ocrx_word' id='word_1_55' title='bbox 428 1033 583 1114; x_wconf 85' lang='lat' dir='ltr'>mouetur,</span> <span class='ocrx_word' id='word_1_56' title='bbox 605 1051 673 1094; x_wconf 89' lang='lat' dir='ltr'>non</span> <span class='ocrx_word' id='word_1_57' title='bbox 696 1029 834 1094; x_wconf 84' lang='lat' dir='ltr'>calorem</span> <span class='ocrx_word' id='word_1_58' title='bbox 863 1030 918 1094; x_wconf 90' lang='lat' dir='ltr'>sed</span> <span class='ocrx_word' id='word_1_59' title='bbox 940 1029 1045 1114; x_wconf 79' lang='lat' dir='ltr'>frigus</span> <span class='ocrx_word' id='word_1_60' title='bbox 1068 1031 1122 1094; x_wconf 89' lang='lat' dir='ltr'>ad·</span> 
     </span>
     <span class='ocr_line' id='line_1_10' title="bbox 27 1114 1159 1202; baseline -0.004 -20"><span class='ocrx_word' id='word_1_61' title='bbox 27 1182 30 1189; x_wconf 84' lang='grc'><em>,</em></span> <span class='ocrx_word' id='word_1_62' title='bbox 150 1117 271 1202; x_wconf 75' lang='lat' dir='ltr'>quirit?</span> <span class='ocrx_word' id='word_1_63' title='bbox 326 1117 437 1180; x_wconf 86' lang='lat' dir='ltr'>eadem</span> <span class='ocrx_word' id='word_1_64' title='bbox 470 1115 556 1179; x_wconf 87' lang='lat' dir='ltr'>enim</span> <span class='ocrx_word' id='word_1_65' title='bbox 588 1115 714 1180; x_wconf 88' lang='lat' dir='ltr'>rationo</span> <span class='ocrx_word' id='word_1_66' title='bbox 747 1117 780 1178; x_wconf 85' lang='lat' dir='ltr'>et</span> <span class='ocrx_word' id='word_1_67' title='bbox 811 1115 846 1178; x_wconf 94' lang='lat' dir='ltr'>in</span> <span class='ocrx_word' id='word_1_68' title='bbox 873 1114 935 1180; x_wconf 92' lang='lat' dir='ltr'>hoc</span> <span class='ocrx_word' id='word_1_69' title='bbox 962 1114 1124 1179; x_wconf 83' lang='lat' dir='ltr'>feruorem</span> <span class='ocrx_word' id='word_1_70' title='bbox 1136 1131 1159 1172; x_wconf 82' lang='lat'>1⁰</span> 
     </span>
     <span class='ocr_line' id='line_1_11' title="bbox 101 1198 1123 1298; baseline -0.003 -33"><span class='ocrx_word' id='word_1_71' title='bbox 101 1202 141 1268; x_wconf 79' lang='lat'>15</span> <span class='ocrx_word' id='word_1_72' title='bbox 151 1203 282 1266; x_wconf 89' lang='lat' dir='ltr'>deberet</span> <span class='ocrx_word' id='word_1_73' title='bbox 293 1204 407 1298; x_wconf 30' lang='lat' dir='ltr'>‘motus</span> <span class='ocrx_word' id='word_1_74' title='bbox 437 1205 590 1297; x_wconf 36' lang='lat' dir='ltr'>augere).</span> <span class='ocrx_word' id='word_1_75' title='bbox 622 1205 700 1263; x_wconf 78' lang='lat' dir='ltr'>‘non</span> <span class='ocrx_word' id='word_1_76' title='bbox 722 1199 834 1297; x_wconf 81' lang='lat' dir='ltr'>eadem</span> <span class='ocrx_word' id='word_1_77' title='bbox 856 1199 951 1297; x_wconf 84' lang='lat' dir='ltr'>ratio’</span> <span class='ocrx_word' id='word_1_78' title='bbox 975 1198 1123 1297; x_wconf 83' lang='lat' dir='ltr'>Diserius</span> 
     </span>
     <span class='ocr_line' id='line_1_12' title="bbox 150 1284 1123 1451; baseline -0.012 -17"><span class='ocrx_word' id='word_1_79' title='bbox 150 1284 747 1434; x_wconf 41' lang='lat' dir='ltr'>tornatorsternet?</span> <span class='ocrx_word' id='word_1_80' title='bbox 760 1285 1123 1451; x_wconf 55' lang='lat' dir='ltr'>tttttttifttff</span> 
     </span>
     <span class='ocr_line' id='line_1_13' title="bbox 150 1453 1123 1538; baseline -0.002 -20"><span class='ocrx_word' id='word_1_81' title='bbox 150 1475 211 1538; x_wconf 80' lang='lat' dir='ltr'>gro</span> <span class='ocrx_word' id='word_1_82' title='bbox 232 1455 266 1518; x_wconf 93' lang='lat' dir='ltr'>ui</span> <span class='ocrx_word' id='word_1_83' title='bbox 294 1474 350 1517; x_wconf 89' lang='lat' dir='ltr'>sua</span> <span class='ocrx_word' id='word_1_84' title='bbox 379 1453 579 1537; x_wconf 89' lang='lat' dir='ltr'>superficiem</span> <span class='ocrx_word' id='word_1_85' title='bbox 607 1453 658 1517; x_wconf 91' lang='lat' dir='ltr'>cui</span> <span class='ocrx_word' id='word_1_86' title='bbox 686 1453 874 1518; x_wconf 75' lang='lat' dir='ltr'>admonetur</span> <span class='ocrx_word' id='word_1_87' title='bbox 896 1454 1037 1537; x_wconf 84' lang='lat' dir='ltr'>inuadit,</span> <span class='ocrx_word' id='word_1_88' title='bbox 1068 1475 1123 1518; x_wconf 87' lang='lat' dir='ltr'>aer</span> 
     </span>
     <span class='ocr_line' id='line_1_14' title="bbox 150 1537 1158 1623; baseline 0.001 -22"><span class='ocrx_word' id='word_1_89' title='bbox 150 1540 240 1602; x_wconf 87' lang='lat' dir='ltr'>motu</span> <span class='ocrx_word' id='word_1_90' title='bbox 261 1537 297 1601; x_wconf 93' lang='lat' dir='ltr'>in</span> <span class='ocrx_word' id='word_1_91' title='bbox 318 1541 451 1602; x_wconf 86' lang='lat' dir='ltr'>uentum</span> <span class='ocrx_word' id='word_1_92' title='bbox 473 1537 608 1601; x_wconf 86' lang='lat' dir='ltr'>soluitur</span> <span class='ocrx_word' id='word_1_93' title='bbox 629 1539 662 1600; x_wconf 86' lang='lat' dir='ltr'>et</span> <span class='ocrx_word' id='word_1_94' title='bbox 683 1537 833 1622; x_wconf 88' lang='lat' dir='ltr'>liquidior</span> <span class='ocrx_word' id='word_1_95' title='bbox 861 1561 895 1602; x_wconf 91' lang='lat' dir='ltr'>se</span> <span class='ocrx_word' id='word_1_96' title='bbox 922 1538 1030 1603; x_wconf 84' lang='lat' dir='ltr'>faetus</span> <span class='ocrx_word' id='word_1_97' title='bbox 1054 1540 1158 1623; x_wconf 76' lang='lat' dir='ltr'>agi-1⁵</span> 
     </span>
     <span class='ocr_line' id='line_1_15' title="bbox 150 1621 1123 1706; baseline 0 -19"><span class='ocrx_word' id='word_1_98' title='bbox 150 1625 221 1687; x_wconf 87' lang='lat' dir='ltr'>tatu</span> <span class='ocrx_word' id='word_1_99' title='bbox 252 1622 348 1686; x_wconf 85' lang='lat' dir='ltr'>fletus</span> <span class='ocrx_word' id='word_1_100' title='bbox 385 1621 523 1687; x_wconf 87' lang='lat' dir='ltr'>officitur</span> <span class='ocrx_word' id='word_1_101' title='bbox 555 1643 650 1706; x_wconf 88' lang='lat' dir='ltr'>porro</span> <span class='ocrx_word' id='word_1_102' title='bbox 682 1627 718 1686; x_wconf 89' lang='lat' dir='ltr'>ut</span> <span class='ocrx_word' id='word_1_103' title='bbox 750 1622 845 1687; x_wconf 84' lang='lat' dir='ltr'>flatus</span> <span class='ocrx_word' id='word_1_104' title='bbox 871 1623 951 1687; x_wconf 90' lang='lat' dir='ltr'>illud</span> <span class='ocrx_word' id='word_1_105' title='bbox 978 1627 1123 1688; x_wconf 90' lang='lat' dir='ltr'>remouet</span> 
     </span>
     <span class='ocr_line' id='line_1_16' title="bbox 151 1706 1122 1791; baseline 0 -20"><span class='ocrx_word' id='word_1_106' title='bbox 151 1707 235 1791; x_wconf 83' lang='lat' dir='ltr'>quod</span> <span class='ocrx_word' id='word_1_107' title='bbox 258 1707 485 1771; x_wconf 85' lang='lat' dir='ltr'>circumfusum</span> <span class='ocrx_word' id='word_1_108' title='bbox 506 1706 600 1770; x_wconf 89' lang='lat' dir='ltr'>nobis</span> <span class='ocrx_word' id='word_1_109' title='bbox 623 1709 710 1789; x_wconf 84' lang='lat' dir='ltr'>erat,</span> <span class='ocrx_word' id='word_1_110' title='bbox 734 1711 804 1771; x_wconf 87' lang='lat' dir='ltr'>erat</span> <span class='ocrx_word' id='word_1_111' title='bbox 826 1711 933 1772; x_wconf 87' lang='lat' dir='ltr'>autern</span> <span class='ocrx_word' id='word_1_112' title='bbox 957 1708 1042 1772; x_wconf 85' lang='lat' dir='ltr'>circa</span> <span class='ocrx_word' id='word_1_113' title='bbox 1063 1729 1122 1772; x_wconf 91' lang='lat' dir='ltr'>nos</span> 
     </span>
     <span class='ocr_line' id='line_1_17' title="bbox 152 1791 1122 1877; baseline 0 -21"><span class='ocrx_word' id='word_1_114' title='bbox 152 1792 255 1875; x_wconf 88' lang='lat' dir='ltr'>calor,</span> <span class='ocrx_word' id='word_1_115' title='bbox 278 1795 401 1856; x_wconf 87' lang='lat' dir='ltr'>remoto</span> <span class='ocrx_word' id='word_1_116' title='bbox 423 1792 523 1877; x_wconf 81' lang='lat' dir='ltr'>igitur</span> <span class='ocrx_word' id='word_1_117' title='bbox 545 1791 737 1875; x_wconf 84' lang='lat' dir='ltr'>perflatum</span> <span class='ocrx_word' id='word_1_118' title='bbox 761 1792 864 1856; x_wconf 87' lang='lat' dir='ltr'>calore</span> <span class='ocrx_word' id='word_1_119' title='bbox 887 1795 989 1857; x_wconf 86' lang='lat' dir='ltr'>restat</span> <span class='ocrx_word' id='word_1_120' title='bbox 1010 1795 1047 1856; x_wconf 93' lang='lat' dir='ltr'>ut</span> <span class='ocrx_word' id='word_1_121' title='bbox 1069 1793 1122 1856; x_wconf 86' lang='lat' dir='ltr'>ad-</span> 
     </span>
     <span class='ocr_line' id='line_1_18' title="bbox 150 1876 925 1961; baseline 0.001 -21"><span class='ocrx_word' id='word_1_122' title='bbox 150 1898 268 1941; x_wconf 86' lang='lat' dir='ltr'>uenam</span> <span class='ocrx_word' id='word_1_123' title='bbox 290 1898 421 1941; x_wconf 88' lang='lat' dir='ltr'>sensum</span> <span class='ocrx_word' id='word_1_124' title='bbox 441 1876 574 1961; x_wconf 81' lang='lat' dir='ltr'>frigoris</span> <span class='ocrx_word' id='word_1_125' title='bbox 593 1879 738 1960; x_wconf 83' lang='lat' dir='ltr'>praestet</span> <span class='ocrx_word' id='word_1_126' title='bbox 759 1877 925 1960; x_wconf 65' lang='lat' dir='ltr'>agitatus?</span> 
     </span>
    </p>
   </div>
   <div class='ocr_carea' id='block_1_3' title="bbox 99 2045 1160 3313">
    <p class='ocr_par' dir='ltr' id='par_1_3' title="bbox 99 2045 1158 2299">
     <span class='ocr_line' id='line_1_19' title="bbox 99 2045 1158 2130; baseline 0 -19"><span class='ocrx_word' id='word_1_127' title='bbox 99 2045 197 2111; x_wconf 80' lang='lat' dir='ltr'>VIIII</span> <span class='ocrx_word' id='word_1_128' title='bbox 239 2045 431 2130; x_wconf 87' lang='lat' dir='ltr'>Interpellat</span> <span class='ocrx_word' id='word_1_129' title='bbox 445 2045 633 2130; x_wconf 81' lang='lat' dir='ltr'>Euangelus</span> <span class='ocrx_word' id='word_1_130' title='bbox 647 2048 837 2130; x_wconf 71' lang='lat' dir='ltr'>pergentem</span> <span class='ocrx_word' id='word_1_131' title='bbox 853 2047 1122 2111; x_wconf 82' lang='lat' dir='ltr'>consultationem</span> <span class='ocrx_word' id='word_1_132' title='bbox 1134 2062 1158 2102; x_wconf 80' lang='lat'>20</span> 
     </span>
     <span class='ocr_line' id='line_1_20' title="bbox 151 2129 1122 2215; baseline 0.001 -21"><span class='ocrx_word' id='word_1_133' title='bbox 151 2136 184 2194; x_wconf 92' lang='lat' dir='ltr'>et</span> <span class='ocrx_word' id='word_1_134' title='bbox 224 2132 401 2196; x_wconf 83' lang='lat' dir='ltr'>‘exercebo&#39;</span> <span class='ocrx_word' id='word_1_135' title='bbox 434 2131 541 2215; x_wconf 86' lang='lat' dir='ltr'>inquit</span> <span class='ocrx_word' id='word_1_136' title='bbox 573 2129 749 2194; x_wconf 74' lang='lat' dir='ltr'>‘Disarium</span> <span class='ocrx_word' id='word_1_137' title='bbox 785 2135 932 2195; x_wconf 88' lang='lat' dir='ltr'>nostrum</span> <span class='ocrx_word' id='word_1_138' title='bbox 959 2131 987 2195; x_wconf 91' lang='lat' dir='ltr'>si</span> <span class='ocrx_word' id='word_1_139' title='bbox 1012 2135 1122 2196; x_wconf 85' lang='lat' dir='ltr'>tamen</span> 
     </span>
     <span class='ocr_line' id='line_1_21' title="bbox 150 2215 1123 2299; baseline 0 -19"><span class='ocrx_word' id='word_1_140' title='bbox 150 2217 282 2287; x_wconf 87' lang='lat' dir='ltr'>minutis</span> <span class='ocrx_word' id='word_1_141' title='bbox 304 2215 368 2280; x_wconf 89' lang='lat' dir='ltr'>illis</span> <span class='ocrx_word' id='word_1_142' title='bbox 391 2216 457 2281; x_wconf 89' lang='lat' dir='ltr'>suis</span> <span class='ocrx_word' id='word_1_143' title='bbox 480 2218 513 2280; x_wconf 89' lang='lat' dir='ltr'>et</span> <span class='ocrx_word' id='word_1_144' title='bbox 533 2215 717 2279; x_wconf 85' lang='lat' dir='ltr'>rorantibus</span> <span class='ocrx_word' id='word_1_145' title='bbox 739 2216 1001 2299; x_wconf 85' lang='lat' dir='ltr'>responsionibus</span> <span class='ocrx_word' id='word_1_146' title='bbox 1029 2218 1123 2281; x_wconf 88' lang='lat' dir='ltr'>satis·</span> 
     </span>
    </p>

    <p class='ocr_par' dir='ltr' id='par_1_4' title="bbox 113 2298 1159 2721">
     <span class='ocr_line' id='line_1_22' title="bbox 113 2298 1122 2383; baseline 0.003 -20"><span class='ocrx_word' id='word_1_147' title='bbox 113 2299 249 2365; x_wconf 79' lang='lat' dir='ltr'>2feoiet</span> <span class='ocrx_word' id='word_1_148' title='bbox 272 2301 462 2365; x_wconf 80' lang='lat' dir='ltr'>consulenti</span> <span class='ocrx_word' id='word_1_149' title='bbox 508 2299 559 2364; x_wconf 80' lang='lat' dir='ltr'>dio</span> <span class='ocrx_word' id='word_1_150' title='bbox 581 2298 690 2364; x_wconf 88' lang='lat' dir='ltr'>Disari</span> <span class='ocrx_word' id='word_1_151' title='bbox 713 2321 768 2363; x_wconf 91' lang='lat' dir='ltr'>cur</span> <span class='ocrx_word' id='word_1_152' title='bbox 791 2301 913 2383; x_wconf 81' lang='lat' dir='ltr'>quiite</span> <span class='ocrx_word' id='word_1_153' title='bbox 935 2323 968 2365; x_wconf 89' lang='lat' dir='ltr'>sc</span> <span class='ocrx_word' id='word_1_154' title='bbox 990 2304 1122 2366; x_wconf 87' lang='lat' dir='ltr'>uertunt</span> 
     </span>
     <span class='ocr_line' id='line_1_23' title="bbox 151 2385 1124 2470; baseline 0 -22"><span class='ocrx_word' id='word_1_155' title='bbox 151 2388 188 2449; x_wconf 91' lang='lat' dir='ltr'>ut</span> <span class='ocrx_word' id='word_1_156' title='bbox 209 2407 305 2467; x_wconf 83' lang='lat' dir='ltr'>saepe</span> <span class='ocrx_word' id='word_1_157' title='bbox 327 2385 362 2449; x_wconf 94' lang='lat' dir='ltr'>in</span> <span class='ocrx_word' id='word_1_158' title='bbox 385 2385 494 2448; x_wconf 88' lang='lat' dir='ltr'>orbem</span> <span class='ocrx_word' id='word_1_159' title='bbox 515 2387 663 2448; x_wconf 91' lang='lat' dir='ltr'>rotentur</span> <span class='ocrx_word' id='word_1_160' title='bbox 684 2386 717 2448; x_wconf 89' lang='lat' dir='ltr'>et</span> <span class='ocrx_word' id='word_1_161' title='bbox 738 2385 933 2469; x_wconf 82' lang='lat' dir='ltr'>uertiginem</span> <span class='ocrx_word' id='word_1_162' title='bbox 951 2387 1067 2470; x_wconf 90' lang='lat' dir='ltr'>capitis</span> <span class='ocrx_word' id='word_1_163' title='bbox 1090 2389 1124 2449; x_wconf 90' lang='lat' dir='ltr'>et</span> 
     </span>
     <span class='ocr_line' id='line_1_24' title="bbox 151 2468 1159 2553; baseline 0 -20"><span class='ocrx_word' id='word_1_164' title='bbox 151 2469 379 2533; x_wconf 81' lang='lat' dir='ltr'>obscuritatem</span> <span class='ocrx_word' id='word_1_165' title='bbox 400 2469 570 2552; x_wconf 83' lang='lat' dir='ltr'>patiuntur</span> <span class='ocrx_word' id='word_1_166' title='bbox 591 2468 770 2551; x_wconf 81' lang='lat' dir='ltr'>oculorum,</span> <span class='ocrx_word' id='word_1_167' title='bbox 792 2474 970 2553; x_wconf 80' lang='lat' dir='ltr'>postremo,</span> <span class='ocrx_word' id='word_1_168' title='bbox 1001 2471 1029 2535; x_wconf 90' lang='lat' dir='ltr'>si</span> <span class='ocrx_word' id='word_1_169' title='bbox 1051 2486 1159 2553; x_wconf 80' lang='lat' dir='ltr'>per-25</span> 
     </span>
     <span class='ocr_line' id='line_1_25' title="bbox 151 2553 1123 2639; baseline 0.003 -23"><span class='ocrx_word' id='word_1_170' title='bbox 151 2554 381 2635; x_wconf 81' lang='lat' dir='ltr'>seuerauerint,</span> <span class='ocrx_word' id='word_1_171' title='bbox 405 2555 504 2616; x_wconf 90' lang='lat' dir='ltr'>ruunt</span> <span class='ocrx_word' id='word_1_172' title='bbox 526 2574 598 2616; x_wconf 90' lang='lat' dir='ltr'>cum</span> <span class='ocrx_word' id='word_1_173' title='bbox 619 2553 727 2618; x_wconf 90' lang='lat' dir='ltr'>nullus</span> <span class='ocrx_word' id='word_1_174' title='bbox 750 2553 830 2618; x_wconf 84' lang='lat' dir='ltr'>alius</span> <span class='ocrx_word' id='word_1_175' title='bbox 852 2558 958 2620; x_wconf 89' lang='lat' dir='ltr'>motus</span> <span class='ocrx_word' id='word_1_176' title='bbox 980 2556 1123 2639; x_wconf 91' lang='lat' dir='ltr'>corporis</span> 
     </span>
     <span class='ocr_line' id='line_1_26' title="bbox 150 2635 670 2721; baseline 0.002 -22"><span class='ocrx_word' id='word_1_177' title='bbox 150 2635 236 2700; x_wconf 86' lang='lat' dir='ltr'>hanc</span> <span class='ocrx_word' id='word_1_178' title='bbox 258 2637 387 2721; x_wconf 86' lang='lat' dir='ltr'>ingerat</span> <span class='ocrx_word' id='word_1_179' title='bbox 408 2636 670 2701; x_wconf 77' lang='lat' dir='ltr'>necessitateml&#39;</span> 
     </span>
    </p>

    <p class='ocr_par' dir='ltr' id='par_1_5' title="bbox 114 2720 1160 2958">
     <span class='ocr_line' id='line_1_27' title="bbox 114 2720 1121 2809; baseline 0.004 -25"><span class='ocrx_word' id='word_1_180' title='bbox 114 2721 134 2784; x_wconf 89' lang='lat'><strong>3</strong></span> <span class='ocrx_word' id='word_1_181' title='bbox 234 2720 288 2784; x_wconf 82' lang='lat' dir='ltr'>Ad</span> <span class='ocrx_word' id='word_1_182' title='bbox 309 2720 389 2785; x_wconf 84' lang='lat' dir='ltr'>haec</span> <span class='ocrx_word' id='word_1_183' title='bbox 411 2720 558 2785; x_wconf 83' lang='lat' dir='ltr'>Disarius</span> <span class='ocrx_word' id='word_1_184' title='bbox 581 2724 729 2805; x_wconf 74' lang='lat' dir='ltr'>‘septem&#39;</span> <span class='ocrx_word' id='word_1_185' title='bbox 751 2722 859 2806; x_wconf 91' lang='lat' dir='ltr'>inquit</span> <span class='ocrx_word' id='word_1_186' title='bbox 881 2725 1037 2809; x_wconf 74' lang='lat' dir='ltr'>‘corporei</span> <span class='ocrx_word' id='word_1_187' title='bbox 1055 2746 1121 2788; x_wconf 92' lang='lat' dir='ltr'>mo-</span> 
     </span>
     <span class='ocr_line' id='line_1_28' title="bbox 150 2805 1123 2890; baseline 0.006 -23"><span class='ocrx_word' id='word_1_188' title='bbox 150 2807 203 2868; x_wconf 89' lang='lat' dir='ltr'>tus</span> <span class='ocrx_word' id='word_1_189' title='bbox 225 2808 310 2869; x_wconf 86' lang='lat' dir='ltr'>sunt.</span> <span class='ocrx_word' id='word_1_190' title='bbox 356 2808 413 2869; x_wconf 88' lang='lat' dir='ltr'>aut</span> <span class='ocrx_word' id='word_1_191' title='bbox 435 2805 522 2870; x_wconf 86' lang='lat' dir='ltr'>enirn</span> <span class='ocrx_word' id='word_1_192' title='bbox 543 2806 668 2871; x_wconf 85' lang='lat' dir='ltr'>accedit</span> <span class='ocrx_word' id='word_1_193' title='bbox 688 2808 848 2890; x_wconf 91' lang='lat' dir='ltr'>priorsum</span> <span class='ocrx_word' id='word_1_194' title='bbox 870 2813 926 2873; x_wconf 86' lang='lat' dir='ltr'>aut</span> <span class='ocrx_word' id='word_1_195' title='bbox 947 2812 1123 2873; x_wconf 86' lang='lat' dir='ltr'>retrorsum</span> 
     </span>
     <span class='ocr_line' id='line_1_29' title="bbox 149 2889 1160 2958; baseline 0.005 -6"><span class='ocrx_word' id='word_1_196' title='bbox 149 2889 270 2953; x_wconf 85' lang='lat' dir='ltr'>recedit</span> <span class='ocrx_word' id='word_1_197' title='bbox 291 2893 347 2954; x_wconf 86' lang='lat' dir='ltr'>aut</span> <span class='ocrx_word' id='word_1_198' title='bbox 368 2890 405 2955; x_wconf 90' lang='lat' dir='ltr'>in</span> <span class='ocrx_word' id='word_1_199' title='bbox 426 2890 590 2955; x_wconf 86' lang='lat' dir='ltr'>dexteram</span> <span class='ocrx_word' id='word_1_200' title='bbox 611 2891 777 2957; x_wconf 86' lang='lat' dir='ltr'>laeuamuo</span> <span class='ocrx_word' id='word_1_201' title='bbox 799 2893 969 2958; x_wconf 86' lang='lat' dir='ltr'>diuertitur</span> <span class='ocrx_word' id='word_1_202' title='bbox 984 2897 1041 2957; x_wconf 88' lang='lat' dir='ltr'>aut</span> <span class='ocrx_word' id='word_1_203' title='bbox 1055 2915 1122 2957; x_wconf 90' lang='lat' dir='ltr'>sur·</span> <span class='ocrx_word' id='word_1_204' title='bbox 1135 2910 1160 2950; x_wconf 79' lang='lat'>³0</span> 
     </span>
    </p>

    <p class='ocr_par' dir='ltr' id='par_1_6' title="bbox 112 2975 1123 3313">
     <span class='ocr_line' id='line_1_30' title="bbox 112 2975 1119 3127; baseline 0.006 -91"><span class='ocrx_word' id='word_1_205' title='bbox 112 2978 412 3124; x_wconf 46' lang='lat' dir='ltr'>4⁸umhjpr⁰mil¹el</span> <span class='ocrx_word' id='word_1_206' title='bbox 433 2975 659 3124; x_wconf 56' lang='lat' dir='ltr'>autfifleorsum</span> <span class='ocrx_word' id='word_1_207' title='bbox 680 2980 737 3126; x_wconf 70' lang='lat' dir='ltr'>apt</span> <span class='ocrx_word' id='word_1_208' title='bbox 756 2977 970 3127; x_wconf 41' lang='lat' dir='ltr'>prbiculatiilm·</span> <span class='ocrx_word' id='word_1_209' title='bbox 984 2981 1119 3076; x_wconf 73' lang='lat' dir='ltr'>rotatim.</span> 
     </span>
     <span class='ocr_line' id='line_1_31' title="bbox 149 3078 1122 3128; baseline 0.005 -7"><span class='ocrx_word' id='word_1_210' title='bbox 149 3078 188 3122; x_wconf 88' lang='lat' dir='ltr'>ex</span> <span class='ocrx_word' id='word_1_211' title='bbox 246 3080 317 3124; x_wconf 84' lang='lat' dir='ltr'>sse</span> <span class='ocrx_word' id='word_1_212' title='bbox 374 3082 481 3125; x_wconf 88' lang='lat' dir='ltr'>mmo</span> <span class='ocrx_word' id='word_1_213' title='bbox 532 3082 675 3125; x_wconf 88' lang='lat' dir='ltr'>usunus</span> <span class='ocrx_word' id='word_1_214' title='bbox 713 3083 882 3128; x_wconf 88' lang='lat' dir='ltr'>anumm</span> <span class='ocrx_word' id='word_1_215' title='bbox 939 3085 1024 3126; x_wconf 73' lang='lat' dir='ltr'>urnis</span> <span class='ocrx_word' id='word_1_216' title='bbox 1055 3085 1122 3127; x_wconf 89' lang='lat' dir='ltr'>cor·</span> 
     </span>
     <span class='ocr_line' id='line_1_32' title="bbox 149 3082 1123 3232; baseline 0.003 -25"><span class='ocrx_word' id='word_1_217' title='bbox 149 3143 280 3227; x_wconf 88' lang='lat' dir='ltr'>poribus</span> <span class='ocrx_word' id='word_1_218' title='bbox 314 3082 479 3208; x_wconf 77' lang='lat' dir='ltr'>ilruenitur</span> <span class='ocrx_word' id='word_1_219' title='bbox 511 3144 713 3228; x_wconf 87' lang='lat' dir='ltr'>sphaeralem</span> <span class='ocrx_word' id='word_1_220' title='bbox 746 3146 833 3230; x_wconf 87' lang='lat' dir='ltr'>dico,</span> <span class='ocrx_word' id='word_1_221' title='bbox 874 3170 937 3232; x_wconf 91' lang='lat' dir='ltr'>quo</span> <span class='ocrx_word' id='word_1_222' title='bbox 974 3150 1123 3212; x_wconf 86' lang='lat' dir='ltr'>mouetur</span> 
     </span>
     <span class='ocr_line' id='line_1_33' title="bbox 151 3228 1120 3313; baseline 0.003 -22"><span class='ocrx_word' id='word_1_223' title='bbox 151 3228 274 3292; x_wconf 91' lang='lat' dir='ltr'>caelum</span> <span class='ocrx_word' id='word_1_224' title='bbox 300 3250 363 3313; x_wconf 93' lang='lat' dir='ltr'>quo</span> <span class='ocrx_word' id='word_1_225' title='bbox 391 3229 496 3294; x_wconf 85' lang='lat' dir='ltr'>sidera</span> <span class='ocrx_word' id='word_1_226' title='bbox 522 3251 586 3313; x_wconf 93' lang='lat' dir='ltr'>quo</span> <span class='ocrx_word' id='word_1_227' title='bbox 615 3233 721 3296; x_wconf 88' lang='lat' dir='ltr'>cetera</span> <span class='ocrx_word' id='word_1_228' title='bbox 750 3237 921 3296; x_wconf 88' lang='lat' dir='ltr'>mouentur</span> <span class='ocrx_word' id='word_1_229' title='bbox 950 3233 1120 3296; x_wconf 87' lang='lat' dir='ltr'>elementa.</span> 
     </span>
    </p>
   </div>
   <div class='ocr_carea' id='block_1_4' title="bbox 147 3435 1124 3554">
    <p class='ocr_par' dir='ltr' id='par_1_7' title="bbox 147 3435 1124 3554">
     <span class='ocr_line' id='line_1_34' title="bbox 180 3435 1124 3552; baseline 0.004 -68"><span class='ocrx_word' id='word_1_230' title='bbox 180 3436 368 3552; x_wconf 51' lang='lat' dir='ltr'>ll’.⁰⁰}l&#39;⁰¹⁸</span> <span class='ocrx_word' id='word_1_231' title='bbox 386 3436 410 3485; x_wconf 90' lang='lat' dir='ltr'><em>P</em></span> <span class='ocrx_word' id='word_1_232' title='bbox 489 3437 522 3487; x_wconf 68' lang='lat'>32</span> <span class='ocrx_word' id='word_1_233' title='bbox 539 3435 631 3490; x_wconf 74' lang='lat' dir='ltr'>*unus</span> <span class='ocrx_word' id='word_1_234' title='bbox 645 3439 671 3488; x_wconf 92' lang='lat' dir='ltr'><em>P</em></span> <span class='ocrx_word' id='word_1_235' title='bbox 737 3441 770 3489; x_wconf 81' lang='lat'>33</span> <span class='ocrx_word' id='word_1_236' title='bbox 788 3437 910 3503; x_wconf 75' lang='lat' dir='ltr'>spelalac</span> <span class='ocrx_word' id='word_1_237' title='bbox 927 3453 997 3489; x_wconf 82' lang='lat' dir='ltr'>corr.</span> <span class='ocrx_word' id='word_1_238' title='bbox 1016 3439 1043 3488; x_wconf 84' lang='lat' dir='ltr'>in</span> <span class='ocrx_word' id='word_1_239' title='bbox 1062 3436 1124 3503; x_wconf 85' lang='lat' dir='ltr'>spe·</span> 
     </span>
     <span class='ocr_line' id='line_1_35' title="bbox 147 3518 268 3554; baseline 0.008 -3"><span class='ocrx_word' id='word_1_240' title='bbox 147 3518 225 3554; x_wconf 85' lang='lat' dir='ltr'>raae</span> <span class='ocrx_word' id='word_1_241' title='bbox 242 3519 268 3552; x_wconf 84' lang='lat' dir='ltr'>m</span> 
     </span>
    </p>
   </div>
   <div class='ocr_carea' id='block_1_5' title="bbox 0 0 1194 3878">
    <p class='ocr_par' dir='ltr' id='par_1_8' title="bbox 0 0 1194 3878">
     <span class='ocr_line' id='line_1_36' title="bbox 0 0 1194 3878; baseline 0 0"><span class='ocrx_word' id='word_1_242' title='bbox 0 0 1194 3878; x_wconf 95' lang='lat' dir='ltr'> </span> 
     </span>
    </p>
   </div>
  </div>
 </body>
</html>
