2362 3878
490 192 572 258 xnr,
588 185 681 237 4-12
1003 178 1066 244 525

99 367 177 413 nam
204 345 325 410 furtiua
353 344 546 409 discessione
576 344 631 408 sed
657 365 809 410 crescere.
853 344 914 412 hoc
942 367 1067 432 quoque

101 432 190 496 addit
211 452 270 495 nos
293 450 361 494 esse
383 429 419 493 in
441 427 582 493 dominio
605 429 736 493 deorum
758 441 898 514 qnorum'
910 431 1013 496 tutela
1034 437 1067 496 et

99 515 303 601 prouidentia
340 513 571 598 gubernamur,
603 513 686 579 nihil
720 517 826 579 autem
862 536 931 579 esse
962 517 1066 581 inuito

99 601 227 665 domino
250 601 289 664 de
310 599 361 663 his
383 619 464 682 quae
485 598 628 681 possidet
649 620 688 663 ex
711 620 747 663 eo
762 598 833 664 looo
847 600 883 663 in
898 620 960 684 quo
975 622 1066 665 suum

74 686 313 750 aconstituerat
335 683 559 748 auferendum:
583 685 616 747 et
637 683 722 749 sicut
743 684 799 768 qui
821 684 923 747 uitam
944 686 1066 749 manci·

99 771 153 854 pio
184 771 353 853 extorquet
380 768 485 831 alieno
514 767 648 832 crimine
675 789 743 833 non
771 767 893 834 carebit
919 769 967 832 ita
995 790 1066 833 eum

99 855 155 939 qui
181 855 280 918 finem
307 853 370 917 sibi
397 852 525 916 domino
552 853 689 917 necdum
720 853 852 918 iubente
874 853 1068 938 quaesiuerit

99 961 165 1003 non
193 938 428 1003 absolutionem
456 939 606 1022 consequi
633 938 689 1002 sed
716 942 850 1002 reatum.
895 938 975 1003 haec
996 937 1104 1002 Pla-9

99 1025 227 1088 tonicae
260 1026 366 1088 sectae
400 1021 524 1087 semina
556 1023 651 1086 albius
684 1021 832 1087 Plotinus
871 1024 1066 1107 exsequitur.

62 1130 86 1168 ιο
99 1111 226 1192 oportet
251 1109 358 1193 inquit
385 1106 526 1172 animam
553 1109 627 1203 post
653 1105 817 1172 hominem
843 1107 978 1172 liberam
1001 1129 1068 1172 cor·

99 1194 204 1278 poreis
226 1193 428 1277 passionibus
457 1191 608 1256 inuemri.
658 1213 754 1275 quam
786 1192 841 1276 qui
869 1192 908 1257 de
937 1213 1068 1276 corpore

100 1278 257 1343 uiolenter
285 1277 426 1342 extrudit
458 1276 593 1342 liberam
626 1297 695 1340 esse
724 1299 792 1341 non
823 1277 957 1360 patitur.
1013 1277 1068 1360 qui

100 1364 187 1427 enim
209 1362 272 1427 sibi
293 1384 351 1426 sua
373 1365 488 1447 sponte
510 1383 622 1426 necem
645 1364 810 1446 comparat
832 1364 888 1427 aut
901 1365 1068 1445 pertaesus

100 1446 303 1512 necessitatis
331 1449 388 1510 aut
414 1449 501 1510 metu
530 1447 716 1531 cuiusquam
745 1447 786 1511 ad
813 1447 874 1512 hoc
902 1446 1069 1511 descendit

62 1551 87 1591 15
101 1536 156 1595 aut
171 1531 259 1614 odic,
282 1552 364 1614 quae
379 1531 487 1594 omnia
500 1530 587 1596 inter
607 1531 772 1615 passiones
792 1530 968 1598 habentur:
991 1553 1069 1617 ergo

101 1618 161 1681 etsi
189 1620 264 1680 ante
292 1614 356 1678 fuit
388 1613 439 1678 his
467 1615 613 1680 sordibus
645 1638 742 1700 pura,
772 1616 834 1683 hoc
860 1617 931 1700 ipso
957 1620 1069 1681 tamen

101 1701 184 1785 quod
207 1701 273 1766 exit
301 1702 427 1765 extorta
448 1699 613 1765 sordescit.
658 1701 773 1766 deinde
795 1707 932 1765 mortem
953 1702 1068 1765 debere

102 1787 148 1850 ait
176 1787 302 1850 animae
330 1808 349 1851 a
378 1806 508 1868 corpore
535 1785 727 1849 solutionem
756 1806 840 1868 esse,
869 1806 937 1848 non
957 1785 1069 1849 uincu-

101 1871 182 1953 lum,
206 1870 294 1934 exitu
316 1873 422 1934 autem
446 1872 555 1933 coacto
577 1869 719 1932 animam
735 1869 820 1933 circa
836 1889 950 1952 corpus
965 1870 1068 1954 magis

64 1954 268 2039 amagisque
290 1953 418 2017 uinciri.
464 1955 552 2017 etro
574 1973 651 2016 uera
672 1953 743 2017 ideo
766 1953 813 2017 sic
834 1955 978 2017 extortae
1001 1951 1120 2018 ani-10

101 2061 172 2103 mae
200 2039 255 2102 din
283 2037 368 2103 circa
396 2058 509 2121 corpus
538 2037 645 2102 eiusne
673 2037 868 2121 sepulturam
890 2037 943 2101 nel
964 2038 1069 2103 locum

101 2124 137 2187 in
159 2145 221 2207 quo
242 2123 363 2187 iniecta
384 2143 498 2186 manus
521 2125 570 2186 est
591 2125 828 2207 perungantur:
857 2144 929 2187 cum
957 2125 1070 2187 contra

102 2208 176 2273 illae
200 2210 341 2290 animae,
371 2229 452 2292 quae
479 2228 513 2270 se
540 2208 576 2272 in
603 2206 665 2271 hac
693 2207 762 2271 uita
789 2228 809 2270 a
835 2207 973 2271 uinculis
1002 2228 1069 2272 cor-

101 2294 188 2376 poris
216 2292 436 2377 philosophiae
464 2294 566 2356 morte
593 2291 782 2374 dissoluunt‚
812 2291 915 2356 adhuc
938 2295 1069 2356 extante

64 2394 89 2434 25
104 2400 235 2463 corpore
259 2378 346 2444 caelo
369 2381 401 2442 et
423 2376 579 2442 sideribus
600 2377 795 2442 inserantur.
833 2381 866 2441 et
886 2377 958 2441 ideo
979 2376 1070 2442 illam

103 2465 203 2528 solam
226 2465 265 2528 de
286 2462 477 2528 uoluntariis
498 2462 654 2527 mortibus
681 2462 845 2546 significat
870 2482 939 2526 esse
960 2462 1069 2526 lauda·

102 2550 210 2631 bilem,
235 2570 315 2632 quae
333 2550 537 2632 comparatur
558 2551 596 2612 ut
618 2547 755 2612 diximus
776 2546 901 2630 philoso
924 2547 998 2611 hiae
1020 2569 1069 2612 ra-

102 2634 200 2715 tione,
217 2654 284 2697 non
297 2633 394 2718 ferro,
418 2632 598 2717 prudentia,
622 2653 689 2696 non
703 2653 838 2704 ueneno.
871 2655 890 2696 a
913 2632 961 2697 dit
972 2632 1070 2697 etiam
1082 2633 1119 2699 11
1137 2647 1139 2650 ⁴

102 2717 192 2781 illam
214 2716 315 2781 solam
337 2739 405 2783 esse
426 2718 608 2783 naturalem
630 2720 766 2782 mortem
787 2718 842 2782 ubi
865 2739 978 2802 corpus
1003 2720 1070 2782 ani-

66 2819 91 2858 30
104 2823 205 2884 mam,
240 2822 307 2866 non
336 2802 445 2865 anima
473 2822 587 2884 corpus
615 2800 778 2886 relinquit.
829 2805 957 2868 constat
983 2803 1070 2868 enim

103 2907 308 2950 numerorum
331 2889 451 2950 certam
474 2885 744 2971 constitutamque
765 2887 924 2952 rationem
946 2888 1070 2965 animas

105 2972 226 3036 sociare
250 2970 445 3056 corporibus.
488 2969 524 3034 hi
545 2969 671 3035 numeri
697 2970 773 3035 dum
794 2976 976 3056 supersunt,
999 2996 1071 3058 per-

104 3060 231 3121 seuerat
265 3076 379 3139 corpus
413 3055 565 3120 animari:
601 3076 673 3119 cum
695 3077 776 3121 uero
803 3056 972 3142 deficiunt,
995 3081 1070 3123 mox

105 3163 224 3206 arcana
245 3139 302 3203 illa
323 3140 373 3203 uis
395 3139 530 3204 soluitur
552 3161 614 3224 qua
636 3140 771 3205 societas
797 3142 869 3226 ipsa
892 3143 1070 3227 constabat,

66 3241 91 3281 ³5
105 3230 137 3290 et
159 3225 219 3290 hoc
242 3228 292 3290 est
312 3224 396 3310 quod
416 3224 522 3290 fatum
543 3227 576 3288 et
596 3225 711 3290 fatalia
737 3225 823 3292 uitae
849 3230 995 3312 tempora
1016 3249 1070 3292 uo-

106 3333 224 3375 camns.
276 3311 384 3375 anima
412 3331 489 3396 ergo
515 3311 587 3393 ipsa
614 3331 682 3375 non
709 3310 817 3376 deficit
844 3312 962 3397 quippe
989 3313 1121 3397 quael?

172 3434 187 3482 9
205 3433 322 3484 seminat
339 3439 368 3483 at
383 3433 435 3486 uid.
448 3423 480 3482 P'
548 3433 580 3483 1‘1
599 3433 670 3497 quod
684 3433 742 3484 exit
757 3435 863 3500 scripsi:
884 3433 989 3500 quoesrt
1000 3449 1069 3486 corr.

104 3503 129 3549 in
148 3515 200 3566 quo
219 3505 276 3551 exit
294 3502 319 3551 P
1117 3501 1120 3506 ’
