2362 3878
44 3606 73 3632 i...

142 167 205 232 606
558 180 654 226 nram
678 182 705 227 11

141 336 232 399 illam
246 337 348 397 totam
362 336 489 417 partem
509 332 651 416 potuisse
665 330 815 416 diffundi,
840 332 867 397 si
883 333 1026 418 quidem
1041 335 1118 401 Gan-

142 441 207 504 gen
234 422 405 482 transnare
433 417 485 482 uel
511 417 739 481 transcendere
767 416 954 483 Caucasum
984 420 1118 485 Romani

142 503 281 567 nominis
296 503 385 567 fama
399 525 466 567 non
486 502 606 584 ualuit,
628 523 718 585 spem
738 502 889 585 quamde
905 506 1119 590 propaganda

142 587 208 652 late
229 588 333 673 gloria
348 591 424 652 ante
439 587 546 651 oculos
562 586 709 670 ponendo
724 587 828 651 nostri
843 587 933 652 orbis
950 591 1118 675 angustias

143 673 323 757 amputauit
342 673 413 736 uult
434 674 466 736 et
481 671 702 735 diuturnitatis
718 671 859 755 auferre,
883 675 922 736 ut
936 674 1042 757 plene
1057 675 1135 739 ani-s

141 779 194 823 mo
226 758 353 840 nepotis
388 759 607 840 contemptum
638 755 761 841 gloriae
794 777 926 839 compos
960 758 1119 825 dissuasor

104 842 293 908 4insinuet.
339 844 371 906 et
400 842 447 905 ait
472 862 533 906 neo
561 841 597 905 in
624 840 686 905 hae
714 841 785 925 ipsa
812 844 924 924 parte,
961 842 1001 908 in
1029 866 1119 929 quam

142 927 297 1009 sapientis
320 930 353 991 et
374 926 468 990 fortis
490 925 553 989 uiri
574 946 693 989 nomen
715 946 841 1009 serpere
863 930 999 1012 potest,
1024 932 1119 993 aeter-

141 1011 279 1075 nitatem
306 1011 446 1075 nominis
475 1032 568 1093 posse
595 1010 709 1096 durare
733 1032 806 1073 eum
827 1010 923 1075 modo
952 1013 1119 1079 exustione

141 1096 235 1159 modo
251 1096 397 1160 eluuione
412 1099 571 1160 terrarum
586 1094 797 1159 diuturnitate
813 1115 922 1159 rerum
936 1096 1142 1163 intercedatu

105 1183 281 1248 boeeasus.
327 1181 410 1264 quod
459 1179 531 1244 uale
559 1179 601 1243 sit
628 1179 830 1244 disseremus.
874 1179 912 1245 in
939 1180 1009 1248 hae
1037 1183 1119 1248 enim

142 1268 234 1348 parte
255 1268 412 1329 tractatus
427 1202 484 1327 illa
499 1265 644 1348 quaestio
659 1266 797 1328 latenter
813 1264 1017 1350 absoluitur,
1042 1289 1117 1352 quae

141 1349 316 1412 multorum
339 1348 551 1432 cogitationes
573 1349 612 1413 de
636 1349 721 1412 ambi
746 1348 829 1412 enda
848 1350 968 1415 mundi
983 1353 1118 1417 aeterni·

106 1435 209 1501 etate
243 1432 405 1496 sollicitat.
455 1454 533 1495 nam
565 1433 636 1517 quis
668 1369 764 1497 facile
796 1433 958 1500 mundum
996 1458 1118 1522 semper

141 1517 240 1580 fuisse
265 1517 456 1598 consentiat,
482 1537 554 1581 eum
576 1520 609 1581 et
630 1517 702 1602 ipsa
716 1517 926 1582 historiarum
942 1520 1029 1586 fides
1045 1522 1141 1587 mul-a

141 1603 249 1663 tarum
270 1622 377 1664 rerum
400 1601 521 1665 cultum
546 1603 865 1686 emendationemque
880 1603 935 1666 uel
951 1604 1064 1690 ipsam
1077 1608 1118 1671 in·

141 1686 328 1758 uentionem
360 1689 523 1751 recentem
558 1709 626 1751 esse
659 1686 817 1768 fateatur,
852 1707 995 1773 eumque
1030 1692 1118 1757 rudes

141 1771 281 1854 primum
302 1770 450 1836 homines
473 1774 506 1836 et
528 1772 653 1836 incuria
681 1771 821 1836 siluestri
843 1793 911 1836 non
938 1776 1119 1841 multuma

141 1855 283 1918 ferarum
305 1857 479 1939 asperitate
502 1857 672 1921 dissimiles
686 1856 870 1920 meminerit
883 1856 940 1921 uel
954 1858 1119 1927 fabuletur

143 1939 329 2022 antiquitas,
353 1941 523 2024 tradatque
544 1963 606 2006 neo
627 1941 715 2006 hune
738 1941 782 2005 eis
805 1961 867 2024 quo
890 1964 986 2011 nunc
1001 1947 1142 2012 utimur

141 2024 262 2089 uictum
289 2025 389 2089 fuisse
417 2026 473 2090 sed
499 2026 617 2110 glande
645 2026 733 2109 prius
756 2028 789 2090 et
816 2025 906 2090 bacis
935 2028 1027 2095 altos
1056 2052 1120 2096 sero

142 2130 286 2192 sperasse
309 2109 347 2174 de
370 2110 466 2174 sulcis
488 2110 688 2186 alimoniam,
720 2131 853 2206 eumque
880 2111 930 2175 ita
954 2117 1121 2181 exordium

141 2215 247 2257 rerum
263 2198 296 2258 et
310 2194 411 2278 ipsius
426 2195 586 2261 humanae
601 2195 744 2260 nationis
759 2216 947 2280 opinemur,
972 2203 1013 2264 ut
1028 2223 1121 2267 aurea

142 2279 282 2361 primunr
305 2280 433 2344 saecula
453 2280 552 2345 fuisse
577 2281 741 2345 credamus
764 2282 797 2344 et
817 2279 893 2344 inde
914 2287 1048 2350 natura
1069 2308 1121 2371 per

141 2363 273 2427 metalla
306 2364 420 2428 uiliora
453 2366 652 2449 degenerans
683 2364 769 2428 ferro
797 2364 925 2429 saecula
954 2374 1144 2452 postremis

108 2436 342 2516 lfoedauerit?
386 2471 424 2512 ae
451 2470 493 2512 ne
519 2452 625 2513 totum
651 2450 817 2513 uideamur
844 2449 883 2513 de
904 2449 1037 2519 fabulis
1060 2478 1122 2520 nm·

141 2534 242 2615 tuari,
272 2533 343 2615 quis
370 2553 437 2595 non
463 2531 541 2596 hine
569 2535 717 2598 aestimet
742 2533 896 2598 mundum
923 2540 1123 2626 quandoque

142 2619 284 2700 coepisse
306 2618 339 2678 et
360 2636 421 2679 nee
442 2615 575 2701 longam
596 2622 684 2683 retro
707 2619 773 2682 eius
795 2620 951 2702 aetatem,
977 2644 1059 2689 oum
1074 2626 1123 2691 ate

141 2699 218 2764 hino
245 2699 330 2763 ultra
358 2699 420 2763 duo
447 2704 533 2765 retro
566 2724 725 2767 annorum
756 2702 845 2766 milia
872 2702 912 2766 de
946 2708 1124 2776 excellenti

141 2805 248 2848 rerum
276 2786 440 2866 gestarum
466 2788 619 2852 memoria
645 2810 686 2852 ne
715 2787 840 2853 Graeca
866 2787 1002 2870 quidem
1037 2798 1146 2861 exiet!

141 2867 299 2931 historia?
342 2892 419 2934 nam
447 2893 544 2955 supra
566 2871 705 2955 Ninum,
730 2895 750 2935 a
771 2893 834 2956 quo
857 2870 1057 2944 semiramis
1080 2902 1124 2946 se

211 3042 224 3088 1
244 3039 359 3091 diffendr
376 3036 409 3091 P'
460 3059 579 3109 gangem
596 3046 623 3094 m‘
637 3045 718 3107 fallor
735 3037 768 3094 P'
805 3044 834 3120 .²
853 3043 1125 3104 transoenseendere

141 3141 167 3189 B
219 3140 359 3192 oauiasum
378 3134 412 3193 B'
429 3150 454 3194 et
472 3145 500 3193 ni
513 3145 594 3208 fallor
612 3137 645 3194 P'
712 3124 930 3209 odiulndtatrs
947 3149 981 3213 P,
1013 3151 1126 3206 diutur-

141 3212 244 3260 nitati*
262 3210 322 3271 (fuit
340 3210 363 3277 s)
382 3211 407 3260 B
493 3214 659 3263 Goontentri
677 3213 703 3262 P
771 3215 838 3264 lae
856 3206 889 3263 P‘
960 3218 995 3267 10
1014 3220 1124 3273 drutm-

141 3280 223 3326 mtatr
241 3278 291 3328 PB
370 3282 401 3331 13
419 3278 493 3330 mudr
515 3272 548 3328 F
620 3282 653 3331 14
670 3280 753 3331 mudu
771 3272 803 3330 P'
889 3282 1126 3341 181neur1alP'

141 3347 172 3393 21
192 3345 232 3396 set
249 3347 274 3396 B
329 3350 361 3399 25
381 3347 519 3414 degerans
534 3338 568 3397 B'
635 3351 668 3399 26
687 3348 827 3401 fedanent
847 3350 876 3413 P,
895 3348 1046 3415 ledauerrt
1064 3358 1093 3407 B

140 3419 243 3465 mutarr
261 3416 285 3464 P
369 3418 403 3467 28
422 3414 522 3482 caprile
541 3415 567 3465 B
652 3418 686 3468 30
703 3432 756 3467 nee
774 3418 799 3467 P
866 3419 899 3468 31
918 3421 990 3469 mni
1006 3434 1126 3487 praeter

135 3497 166 3534 ar
184 3485 211 3536 in
229 3500 282 3538 ras.
303 3486 331 3536 iu
348 3483 374 3535 P
424 3482 578 3535 samiramrl
592 3482 617 3532 B
