2362 3878
108 197 170 261 194
524 214 620 260 arear
635 213 676 260 111

107 366 208 431 culis
230 367 443 449 mentionem,
466 367 502 430 in
525 367 613 430 cuius
636 387 727 431 sacra
750 366 804 430 hic
821 372 929 430 uester
946 370 1074 451 gemino

106 471 212 515 errore
239 451 398 515 commisit

190 539 260 599 turn
281 534 361 601 Salii
383 535 423 599 ad
446 536 560 598 cantus
581 534 715 598 incensa
738 535 854 599 altaria
878 536 997 600 circum

192 619 337 705 populeis
360 619 478 683 adsunt
500 618 620 682 euincti
642 621 788 702 tempora
809 621 918 684 ramis

106 744 183 785 nam
204 725 237 786 et
257 719 568 786 SaliosHereuli
590 719 693 803 dedit,
717 742 795 804 quos
810 724 940 785 tantum
954 721 1098 786 Martia

107 807 227 870 dicauit
248 805 424 888 antiquitas
447 807 479 867 et
500 804 692 888 populeas
720 827 886 870 coronas
913 808 1071 889 nominat,

108 913 180 955 cum
202 891 354 954 adaram
375 888 551 952 Maximam
578 888 646 952 sola
673 889 786 954 lauro
815 891 922 974 capita
951 896 982 955 11
1012 893 1074 955 alia

68 974 218 1039 2fronde
244 994 311 1038 non
339 973 496 1038 uinoiant.
541 973 686 1038 uidemus
708 977 742 1038 et
762 975 798 1038 in
822 977 926 1059 capite
948 981 1073 1061 praeto-

105 1061 150 1124 ris
171 1059 287 1123 urbani
308 1058 451 1123 lauream
474 1079 639 1140 coronam,
665 1081 737 1123 cum
751 1081 820 1124 rem
835 1061 978 1125 diuinam
993 1061 1072 1124 Her-

108 1143 170 1208 culi
190 1144 281 1208 facit:
325 1146 464 1207 testatur
485 1143 583 1207 etiam
603 1144 804 1209 Tnanuuws
826 1144 950 1209 VARRO
978 1146 1013 1209 in
1036 1168 1072 1209 ea
1088 1168 1111 1205 10

106 1245 241 1293 SATVRA
269 1249 349 1312 quae
376 1228 563 1292 inscribitur
591 1229 668 1312 περὶ
698 1233 869 1313 κεραυνοῦ
903 1231 1072 1293 maiores

106 1312 249 1377 solitos
278 1312 468 1378 decimam
489 1312 655 1377 Herculi
681 1335 825 1378 uouere
848 1336 920 1378 nee
943 1315 1073 1378 decem

106 1397 189 1461 dies
222 1398 495 1462 intermittere
528 1398 623 1482 quin
655 1398 909 1482 pollucerent
938 1422 981 1463 ac
1009 1421 1072 1482 po-

105 1481 237 1565 pulum
264 1475 458 1565 ἀσύμβολον
487 1504 570 1547 cum
599 1504 744 1547 corona
771 1484 908 1548 laurea
940 1484 1073 1547 dimit-

105 1569 240 1631 terent
263 1566 462 1631 eubitum.'
1088 1588 1111 1625 15

69 1651 89 1715 3
190 1651 325 1716 ‘Hicine
341 1654 406 1715 est'
430 1650 558 1716 Vettius
574 1651 621 1715 111
642 1656 748 1715 terror
763 1652 935 1737 geminus?
963 1656 997 1715 at
1013 1674 1072 1735 ego

106 1737 142 1800 in
163 1739 277 1801 neutro
304 1737 375 1800 dico
397 1757 518 1800 errasse
540 1735 731 1820 Vergilium.
775 1759 851 1800 nam
875 1740 912 1800 ut
933 1736 1073 1819 primunr

106 1822 144 1886 de
172 1821 295 1885 frondis
322 1842 440 1905 genere
467 1821 625 1903 dicamne,
661 1823 789 1885 constat
815 1821 943 1905 quidem
970 1843 1072 1883 nunc

106 1907 213 1970 lauro
248 1906 535 1970 sacrificantes
569 1905 690 1988 apud
726 1927 831 1968 aram
864 1906 1073 1968 Maximam

107 1991 290 2057 coronari
322 1991 389 2054 sed
415 1989 539 2054 multo
566 1993 655 2073 post
682 1989 841 2054 Romam
871 1991 1073 2054 conditam
1086 2011 1111 2049 a>

105 2077 201 2141 hacc
236 2074 479 2140 consuetudo
513 2075 681 2158 sumpsit
714 2076 931 2158 exordium,
966 2079 1073 2158 post-

106 2184 217 2247 quam
242 2162 283 2225 in
305 2160 509 2224 Auentino
531 2159 741 2224 Lauretum
771 2161 902 2242 eoepit
923 2161 1070 2240 uirere,

106 2269 202 2330 quam
214 2267 282 2309 rem
294 2245 387 2308 docet
394 2243 520 2309 VARRO
532 2242 765 2309 vanulxvn
780 2262 885 2308 alnao
899 2261 1071 2308 snovxusr.

68 2331 121 2394 41
149 2333 258 2394 monte
293 2349 370 2412 ergo
397 2329 543 2410 proximo
571 2328 721 2411 decerpta
749 2328 858 2391 laurus
887 2328 1073 2390 sumebatur·

107 2414 328 2497 operantibus,
363 2433 459 2495 quam
486 2412 593 2475 uicina
622 2411 776 2475 offerebat
803 2413 937 2474 occasio
987 2411 1071 2474 unde
1087 2431 1111 2470 aa

105 2501 192 2561 reete
220 2497 311 2560 Maro
338 2498 449 2558 noster
466 2495 517 2575 *ad
545 2517 582 2558 11
614 2497 759 2579 tempora
788 2495 930 2577 respexit
958 2496 1072 2578 quibus

105 2581 258 2645 Euander
280 2582 355 2643 ante
376 2581 489 2643 urbem
510 2578 673 2642 conditam
695 2579 780 2661 apud
795 2601 884 2642 aram
898 2580 1073 2644 Maximam

106 2688 198 2730 sacra
221 2663 403 2730 celebrabat
425 2666 457 2727 et
477 2663 629 2727 utebatur
650 2663 768 2746 populo
790 2664 901 2748 utique

410 2747 543 2811 Alcidae
565 2748 761 2833 gratissima.

173 2943 189 2990 3
206 2939 275 2989 Aen.
294 2938 362 2990 VIII
380 2939 431 2991 285
501 2938 533 2988 10
551 2937 649 3004 fragm.
671 2938 713 2989 ed.
733 2939 817 2990 Riese
836 2955 862 3003 p.
883 2940 971 3002 106,4
1040 2942 1072 2989 29

105 3006 193 3072 eclog.
211 3008 266 3059 VH
283 3009 315 3056 61

172 3179 236 3228 eru
256 3175 316 3237 salrJ
334 3179 361 3226 in
378 3191 431 3229 rar.
450 3177 476 3225 in
494 3176 519 3224 P
586 3177 670 3225 cantu
694 3176 745 3225 ΒΡ
811 3178 828 3224 4
851 3182 937 3225 crnotr
962 3177 988 3224 B
1057 3179 1072 3225 7

102 3260 223 3294 maxime
241 3239 275 3293 B'
337 3259 367 3292 111
386 3242 443 3293 lola
461 3235 495 3293 B'
563 3236 728 3308 8pter1IB'
796 3247 829 3294 10
847 3243 999 3293 terrentius
1014 3244 1039 3291 B

105 3328 187 3362 narra
206 3313 230 3361 P
315 3314 345 3361 11
365 3310 456 3375 satyra
474 3310 526 3360 BP
609 3314 641 3362 13
660 3311 816 3376 polluerent
833 3312 858 3361 B
928 3313 1073 3362 11111111

105 3384 137 3432 14
155 3377 368 3432 ΑΕΥΝΒΟΛΟΝ
388 3380 414 3429 Β
466 3380 643 3430 demitterent
654 3379 706 3428 BP
774 3382 805 3430 16
823 3380 944 3429 hicinest
962 3380 985 3442 b,
1005 3379 1072 3428 hae-

105 3465 167 3499 eme
186 3447 226 3499 est
243 3448 268 3497 Β
326 3444 413 3498 uterus
426 3449 451 3498 Ρ
520 3448 551 3497 18
568 3459 694 3513 *genere
712 3449 739 3497 P
805 3449 837 3497 22
857 3451 931 3514 cepit
948 3448 973 3496 Ρ
1040 3450 1073 3496 21

92 3517 126 3563 ia
143 3517 276 3567 monteb
