2362 3878
430 180 490 246 vn,
513 174 621 227 ιιι-31
968 169 1009 234 35

12 365 17 404 s
69 336 167 419 ignoro,
185 333 272 419 quod
287 332 408 399 Pelas
414 333 470 479 fi,
493 332 577 396 sicut
591 332 715 398 VARRO
730 339 886 400 memorat
892 386 901 418 ,
925 359 1007 401 curn

10 450 17 488 r
69 420 197 483 sedibus
234 418 322 483 suis
359 418 467 502 pusi
503 417 687 482 diuersas
719 422 849 483 terras
881 423 1005 505 petis-

10 538 16 573 ι
69 508 146 588 sent,
182 502 476 568 confluxerunt
511 501 695 586 plerique
732 502 931 570 Dodonam
968 512 1007 571 et

10 630 17 649 ..
68 587 186 653 incerti
214 587 362 673 quibus
396 585 612 651 haererent
643 587 763 673 locis,
794 589 876 653 eius
905 591 1007 656 modi

53 690 230 757 surrepere
256 692 492 756 responsum

10 802 16 827 ,·
96 763 226 865 occipere
249 757 428 840 μαιόμενοι
451 758 604 820 Σικελῶν
628 756 844 840 Σατούρνιον
868 753 945 822 αἶαν

10 874 15 911 ;
97 839 136 926 ἡδ’
157 840 431 926 Αβορειγενέων,
454 839 633 924 Κοτύλην,
656 832 699 905 οὗ
720 846 823 918 νᾶσος
838 839 975 927 ὀχεῖται,

11 972 14 979 ·
96 917 135 1002 οἷς
154 924 398 1011 ἀναμιχθέντες
420 925 566 1009 δεκάτην
590 925 775 1008 ἐκπέμπετε
799 930 913 1013 Φοίβῳ

11 1055 13 1063 1
95 1012 140 1075 rol
159 1007 311 1095 repulsis
324 1008 421 1096 ’Ἅιδῃ
437 1009 495 1074 καὶ
516 1012 564 1095 τῷ
585 1009 686 1093 πατρὶ
710 1010 854 1093 πέμπετε
876 1015 973 1095 φῶτα

10 1153 12 1163 .
46 1100 286 1180 taceeptaque
315 1098 421 1159 sorte
451 1116 535 1159 cum
555 1093 714 1159 Latium
742 1100 832 1178 post
853 1118 1007 1161 errores

66 1179 231 1262 plurimos
270 1178 548 1263 appulissent,
585 1180 626 1243 in
662 1180 753 1244 lacu
789 1178 1007 1245 Cutiliensi

10 1309 11 1316 ι
66 1268 195 1330 enatam
217 1264 392 1329 insulam
412 1264 773 1348 deprehenderunt.
804 1265 1059 1349 emphasi-29

64 1350 237 1414 musenim
260 1369 441 1433 caespes,
460 1348 630 1412 siueille
653 1350 867 1413 continens
889 1350 1006 1414 limus

65 1453 113 1498 seu
135 1433 297 1519 paludis
323 1433 403 1497 fuit
432 1437 571 1497 coacta
600 1455 788 1518 compage
814 1435 1006 1519 uirgultis

42 1520 90 1580 ut
111 1519 316 1583 arboribus
344 1517 386 1581 in
414 1517 543 1582 siluae
570 1516 779 1583 licentiam
809 1523 1005 1604 comptus,

64 1600 292 1668 iactantibus
320 1623 391 1684 per
424 1624 575 1666 amnem
601 1602 801 1668 fluctibus
831 1605 1006 1689 uagaba-

63 1690 121 1771 tur,
148 1692 192 1752 ut
218 1686 327 1751 fides
356 1708 401 1750 ex
428 1687 501 1751 hoe
529 1687 649 1752 etiam
671 1687 768 1752 Delo
797 1689 908 1752 facta
937 1690 1004 1772 sit,

63 1790 136 1853 quae
158 1772 268 1838 celsa
290 1771 509 1854 montibuS‚
540 1777 656 1836 uasta
680 1774 845 1856 campis,
874 1777 1006 1838 tamen

81 1877 112 1920 er
134 1858 259 1921 maria
286 1855 502 1941 migrabat.
552 1856 624 1920 hoc
653 1857 785 1942 igitur
811 1858 1058 1927 miraculo30

40 1942 290 2025 reprehenso
317 1940 385 2004 has
415 1940 491 2004 sibi
521 1941 633 2005 sedes
661 1941 891 2026 praedictas
921 1965 1006 2007 esse

61 2022 289 2108 didicerunt,
313 2025 568 2110 uastatisque
587 2025 876 2090 siciliensibus
898 2028 1007 2091 inco-

61 2104 99 2173 lis
124 2130 373 2195 oeoupauere
405 2110 612 2194 regionem
649 2109 801 2173 decima
836 2111 1007 2191 praedae

61 2197 253 2260 secundum
284 2215 531 2278 responsum,
547 2193 734 2277 Apollini
769 2197 1008 2257 consecrata

60 2282 269 2365 erectisque
291 2277 379 2343 Diti
401 2279 550 2343 sacello
574 2281 612 2344 et
635 2276 808 2343 Saturno
831 2299 915 2361 ara,
946 2300 1007 2342 cu-

36 2359 105 2427 rius
122 2365 269 2430 festum
283 2362 518 2429 Saturnalia
538 2363 811 2429 nominarunt.
845 2371 1056 2448 eumque3l

59 2444 110 2512 diu
137 2448 325 2514 humanis
360 2448 563 2531 capitibus
597 2447 728 2512 Ditem
761 2452 799 2512 et
830 2449 1006 2513 uirorum

10 2528 14 2613 ξ
58 2531 217 2599 uictimis
256 2531 471 2598 Saturnum
512 2533 678 2617 placare
715 2555 757 2597 se
795 2532 1006 2598 crederent

10 2620 13 2671 f
58 2623 204 2702 propter
232 2615 436 2681 oraculum
458 2617 499 2681 in
522 2637 594 2701 quo
617 2622 704 2683 erat

10 2730 13 2735 '
91 2718 140 2782 aul
162 2714 314 2803 κεφαλὰς
333 2715 431 2803 ’Ἅιδῃ
454 2716 578 2803 καὶτῷ
601 2719 703 2801 πατρὶ
725 2719 869 2801 πέμπετε
892 2722 1005 2801 φῶτα,

34 2813 254 2885 atterentem
285 2820 397 2885 ferunt
429 2823 569 2902 postea
602 2840 684 2883 cum
716 2817 911 2904 Geryonis
942 2841 1007 2902 pe-

59 2937 244 2951 h—

112 3011 127 3060 b
143 3025 272 3074 accrpere
287 3001 320 3058 B'
368 3015 430 3073 post
447 3006 601 3089 responsum
625 3015 720 3058 ιιαοαιιι
736 3010 752 3057 2
771 3023 839 3058 uere.
853 3016 879 3058 et
890 3010 1007 3060 dimidius

59 3077 468 3205 attestabatur,
483 3091 580 3206 itt?
595 3076 623 3207 ιζ
632 3144 653 3194 ι
672 3077 726 3192 1³⁶
746 3070 967 3194 ‘Tr‘li‘rliofu
981 3145 1006 3192 B

60 3204 404 3263 ΘΑΝΑΜΕΙΧΘΕΝΤΕΕΒ
455 3208 628 3263 sanabili
698 3213 728 3262 13
747 3207 841 3275 celpes
855 3210 906 3260 BP
975 3214 1006 3261 16

61 3287 151 3328 amnem
168 3295 238 3329 corr.
255 3287 283 3328 ut
299 3281 350 3330 uid.
370 3295 405 3330 ea
423 3293 529 3329 omnem
547 3275 582 3327 P:
606 3293 712 3329 omnem
730 3278 764 3337 B,
783 3277 796 3327 l
815 3293 859 3328 am
877 3281 937 3330 add.
958 3280 972 3327 t

61 3343 342 3409 renunciarem
360 3348 385 3396 Ρ
457 3346 619 3396 ambulabat
637 3347 663 3395 P
733 3348 766 3396 23
784 3342 955 3412 responlpum
973 3338 1007 3392 B‘

61 3408 182 3465 ΜΙΔΗΙ
194 3414 228 3473 Ρ,
247 3411 331 3464 ΑΔΗ·
353 3414 378 3463 Β
428 3410 606 3465 ΠΗΜΠΕΤΕ
618 3412 739 3467 *oum
760 3413 821 3476 (uid.
834 3415 915 3478 subse
935 3409 964 3474 C)
984 3412 1009 3457 P

63 3476 88 3526 30
103 3481 219 3544 genonis
233 3479 256 3542 b,
275 3481 397 3546 regionis
408 3482 437 3531 B

811 3570 856 3637 3*
