2362 3878
349 221 410 285 xv,
428 214 548 268 23-24.
571 214 741 287 xvr,1-9
965 207 1030 273 459

61 376 201 441 estsine
224 374 320 439 dubio
344 373 449 457 coepit
471 394 489 437 a
512 371 651 457 simplici
679 378 712 438 et
738 374 785 438 ita
815 376 1028 442 contextionis

60 461 242 526 accessione
264 457 424 523 uariatum
446 461 504 522 est.
543 479 620 542 ergo
635 479 731 522 ouum
745 459 817 531 uisu
838 459 974 544 simplex
996 467 1029 527 11

59 546 200 629 undique
226 565 354 608 uersum
381 544 452 626 pari
479 543 585 627 specie
614 546 756 608 creatum
779 546 828 607 est
855 547 887 607 et
912 566 951 608 ex
972 547 1027 612 illo

58 630 200 694 uarietas
222 631 393 693 ornatuum
414 627 529 711 quibus
552 630 680 692 constat
702 627 770 693 auis
793 629 915 712 species
938 630 1027 696 abso-

33 715 127 778 51111
150 717 208 777 est.
248 735 326 776 nam
348 713 432 776 sicut
452 711 610 776 elementa
631 712 721 796 prius
737 712 916 778 extiterunt
930 717 963 779 et
984 715 1065 780 ita5

58 799 181 882 reliqua
205 819 337 882 corpora
360 796 398 860 de
423 797 646 861 commixtione
673 819 782 861 eorum
805 800 912 862 creata
941 803 1027 884 sunt,

57 884 105 946 ita
127 882 270 947 rationes
292 882 462 946 seminales
484 903 565 966 quae
587 882 623 945 in
645 903 705 945 ouo
727 884 818 965 sunt,
842 882 870 946 si
892 883 1028 948 uenialis

59 968 121 1031 erit
142 968 205 1032 ista
227 966 408 1050 translatio,
432 966 522 1031 uelut
536 966 692 1051 quaedam
712 966 854 1051 gallinae
870 967 1029 1032 elementa

60 1053 217 1116 credenda
240 1054 326 1116 sunt.
364 1073 424 1116 nec
446 1051 629 1135 importune
651 1051 829 1135 elementis,
854 1051 893 1116 de
915 1053 1065 1137 quibusb'

20 1156 46 1195 10
59 1141 134 1200 srmt
161 1138 286 1220 omnia,
322 1159 417 1200 ouum
445 1135 698 1220 conparauerim.
753 1137 789 1200 in
822 1137 909 1201 omni
942 1137 1028 1203 enim

58 1244 178 1307 genere
202 1222 415 1286 animantium
444 1242 524 1305 quae
548 1242 585 1284 ex
610 1221 747 1285 coitione
774 1224 952 1286 nascuntur
980 1221 1028 1287 in-

57 1307 167 1371 uenies
191 1329 287 1370 ouum
309 1307 488 1390 aliquorum
517 1327 585 1370 esse
612 1305 808 1391 principium
834 1307 938 1371 instar
967 1306 1028 1371 ele-

57 1392 169 1454 menti.
212 1394 268 1454 aut
290 1391 376 1454 enim
398 1390 591 1475 gradiuntur
613 1390 794 1455 animantia
816 1395 873 1455 aut
894 1394 1029 1475 serpunt

58 1477 114 1538 aut
135 1475 244 1539 nando
266 1475 445 1538 uolandoue
467 1475 592 1540 uiuunt.
627 1477 663 1541 in
683 1476 907 1561 gradientibus
930 1476 1063 1540 lacer-l

20 1580 45 1620 15
57 1563 110 1623 tae
134 1562 166 1622 et
187 1558 306 1624 similia
335 1581 373 1623 ex
401 1559 469 1623 ouis
493 1563 659 1644 creantur,
688 1582 769 1645 quae
797 1565 932 1645 serpunt
958 1562 1028 1625 ouis

57 1648 235 1708 nascuntur
263 1644 407 1725 exordio,
437 1643 582 1709 uolantia
609 1646 760 1709 uniuersa
793 1645 832 1709 de
859 1645 928 1709 ouis
955 1667 1027 1729 pro-

58 1730 156 1793 111111
184 1732 318 1812 excepto
345 1750 409 1793 uno
437 1730 521 1813 quod
542 1729 684 1794 incertae
712 1733 846 1793 naturae
870 1733 927 1812 est,
951 1752 1028 1793 nam

57 1815 241 1897 uespertilio
256 1814 345 1878 uolat
360 1813 488 1898 quidem
499 1813 619 1898 pellitis
635 1814 694 1877 alis
712 1814 767 1876 sed
781 1815 868 1877 inter
882 1813 1028 1877 uolantia

57 1919 124 1961 non
139 1897 305 1962 habendus
319 1900 368 1963 est
383 1898 458 1981 quia
473 1900 625 1981 quattuor
647 1897 780 1981 pedibus
795 1897 943 1981 graditur
964 1897 1027 1962 for·

18 1986 223 2066 armatosque
244 1981 349 2066 pullos
371 1982 458 2065 parit
480 1986 513 2045 et
535 1983 638 2045 nutrit
666 1983 749 2046 lacte
771 2003 850 2065 quos
878 1985 1025 2066 generat.

57 2067 173 2129 nantia
200 2088 303 2149 paene
332 2066 440 2130 omnia
468 2066 506 2129 de
535 2067 604 2130 ouis
632 2066 780 2130 oriuntur
808 2066 937 2150 generis
966 2067 1025 2149 sui,

58 2151 234 2215 corcodilus
262 2172 337 2215 uero
360 2151 457 2213 etiam
485 2151 524 2214 de
545 2151 657 2214 testeis
684 2149 791 2234 qualia
819 2153 896 2214 sunt
917 2149 1027 2213 uolan-

57 2236 148 2298 tium.
195 2238 228 2299 et
250 2258 291 2299 ne
313 2235 423 2299 uidear
444 2235 516 2318 plus
541 2235 642 2299 nimio
664 2233 816 2299 extulisse
844 2256 940 2298 ouum
967 2233 1063 2298 ele-8

57 2321 158 2384 menti
179 2320 346 2403 uocabulo,
364 2319 493 2384 consule
514 2319 660 2384 initiatos
675 2319 775 2384 sacris
790 2318 897 2383 Liberi
912 2319 1026 2403 patris,

17 2428 44 2468 as
57 2406 91 2468 in
114 2405 229 2488 quibus
251 2406 313 2469 hac
333 2405 541 2469 ueneratione
556 2425 652 2468 ouum
675 2403 790 2468 colitur
811 2405 848 2467 ut
870 2425 909 2468 ex
923 2403 1027 2467 forma

56 2490 151 2554 111111
188 2512 225 2555 ac
258 2512 360 2574 paene
394 2489 554 2573 sphaerali
592 2492 687 2574 atque
723 2488 864 2572 undique
899 2509 1027 2552 uersum

58 2573 166 2637 clausa
189 2578 222 2637 et
244 2574 429 2639 includente
456 2575 544 2638 intra
571 2596 605 2638 se
633 2575 735 2639 uitam
758 2572 870 2637 mundi
898 2572 1027 2637 simula·

58 2679 147 2720 crum
179 2661 325 2742 uocetur,
363 2659 518 2723 mundum
551 2663 659 2724 autem
694 2679 851 2723 consensu
883 2657 1027 2722 omnium

58 2745 186 2805 constat
208 2743 430 2809 uniuersitatis
458 2765 527 2808 esse
554 2743 760 2828 principium.
811 2742 946 2825 prodeat
973 2740 1063 2826 quill

18 2851 45 2889 ao
57 2826 196 2909 priorem
218 2826 288 2890 uult
311 2848 379 2891 esse
391 2827 549 2911 gallinam
572 2832 604 2892 et
625 2828 660 2891 in
675 2827 755 2892 haec
770 2827 869 2890 uerba
890 2829 1028 2911 temptet

58 2911 142 2993 quod
163 2910 307 2974 defendit
329 2910 486 2992 adserere.
523 2932 619 2976 ouum
633 2912 680 2976 rei
703 2913 792 2976 cuius
814 2915 946 2975 estnec
967 2911 1028 2975 ini·

57 2996 138 3058 tium
166 3017 227 3059 nec
254 2994 328 3059 finis
357 3000 415 3060 est.
465 3017 543 3059 nam
570 2996 700 3060 initium
728 3000 778 3060 est
805 3017 929 3079 semen,
952 2995 1026 3059 finis

58 3080 127 3143 auis
150 3081 220 3163 ipsa
243 3080 396 3164 formata,
425 3101 521 3145 ouum
548 3101 624 3145 uero
646 3081 784 3166 digestio
813 3083 862 3144 est
884 3079 1025 3144 seminia.

58 3187 129 3228 cum
162 3186 239 3250 ergo
274 3185 383 3228 semen
419 3164 567 3229 animalis
603 3165 645 3230 sit
682 3168 714 3229 et
751 3186 846 3229 ouum
883 3163 1025 3248 seminis,

126 3389 158 3437 10
176 3387 375 3453 coparauerIP
443 3389 475 3438 15
493 3389 649 3452 quae-16
668 3376 878 3439 exordroom.P'
936 3385 1027 3435 16our

57 3454 82 3503 P
134 3455 165 3505 18
184 3455 262 3505 alrtrs
276 3445 307 3504 P
377 3457 409 3513 19
427 3459 546 3520 quatuor
563 3457 589 3505 P
655 3457 688 3506 22
706 3452 889 3506 corcodrrllus
902 3453 927 3502 P
993 3454 1027 3502 24

58 3521 129 3571 sacri
147 3523 172 3572 P
238 3525 272 3573 26
292 3522 392 3590 speralr
410 3522 436 3572 P
