2362 3878
122 170 188 236 440
530 185 693 233 msmvrr

74 340 115 404 19
209 338 308 404 ‘Nota
331 342 390 404 est'
413 338 520 423 inquit
539 337 684 402 Disarius
708 343 826 402 ‘causa
878 359 954 401 nam
976 337 1096 422 liquori

124 424 252 510 quidem
283 423 366 488 nihil
398 423 500 487 officit
532 424 609 508 quin
639 424 784 505 sumptus
817 422 857 486 ad
887 444 997 486 ornnes
1026 445 1096 487 cor-

123 510 211 594 poris
233 512 339 594 partes
362 530 486 594 quoquo
509 529 619 572 uersus
642 509 808 591 permanet
835 510 868 570 et
895 529 995 571 uenas
1019 529 1095 572 con-

124 596 213 679 pleat
235 596 267 658 et
288 594 359 658 ideo
381 593 488 658 inedia
510 614 591 677 quae
613 592 806 656 inanitatem
827 591 950 656 fecerat
961 595 1095 676 accepto

123 683 219 763 potus
241 679 381 743 remedio
403 678 494 762 quasi
515 678 580 741 iam
601 698 667 741 non
689 677 724 740 in
738 679 842 741 totum
856 699 957 741 uacua
971 696 1121 742 recrea-⁵

124 769 186 829 tur.
239 764 362 828 cibatus
384 784 461 827 uero
491 765 603 845 utpote
626 761 804 826 concretior
828 764 859 826 et
881 762 1037 846 grandior
1059 765 1096 826 in

124 870 224 913 uenas
251 869 318 913 non
346 848 410 912 nisi
430 847 587 931 paulatim
610 845 774 910 confectus
797 846 987 910 admittitur.
1023 846 1095 912 ideo

65 978 68 983 ‹
125 934 212 998 sitim
238 955 334 1016 quam
361 932 504 1016 repperit
529 931 618 996 nullo
640 930 780 995 subsidio
807 931 967 1014 subleuat,
996 932 1096 995 immo

124 1018 275 1103 quiequid
302 1016 381 1081 foris
408 1017 551 1081 humoris
578 1018 692 1080 nactus
721 1017 770 1079 est
797 1017 927 1080 exorbet
956 1020 989 1080 et
1018 1016 1096 1080 inde

127 1103 264 1186 penuria
286 1103 371 1185 eius,
394 1123 474 1186 quae
497 1101 568 1165 sitis
590 1103 740 1183 uocatur,
765 1104 925 1185 augetur?
1109 1118 1135 1157 10

73 1186 117 1250 20
211 1187 292 1251 ‘Nec
314 1186 375 1250 hoc
397 1185 489 1250 mihi’
511 1186 653 1250 Auienus
670 1186 716 1249 ait
730 1185 927 1270 ‘ignoratum
948 1185 1096 1270 relinquo

46 1306 49 1314 s
127 1294 182 1336 cur
203 1272 306 1336 maior
333 1270 481 1354 uoluptas
511 1272 560 1334 est
593 1292 664 1334 cum
692 1270 762 1333 sitis
790 1272 868 1353 potu
896 1270 1097 1354 extinguitur

126 1379 221 1441 quam
249 1377 321 1419 cum
349 1355 451 1419 fames
480 1355 608 1419 sedatur
641 1354 746 1419 cibo?'
799 1358 832 1419 et
864 1353 1011 1419 Disarius
1045 1362 1097 1419 ‘ex

148 1439 301 1503 raedixtis
328 1439 390 1503 hoc
418 1460 541 1523 quoque
568 1439 678 1522 liquet.
730 1461 804 1502 nam
839 1440 979 1522 potionis
1008 1442 1096 1503 totus

125 1463 259 1588 baustus
281 1524 316 1586 in
338 1545 432 1588 omne
456 1545 568 1607 corpus
596 1523 692 1588 simul
718 1526 866 1608 penetrat
894 1529 926 1589 et
953 1525 1097 1588 omnium
1110 1540 1135 1581 15

125 1608 266 1692 partium
289 1630 401 1673 sensus
422 1609 503 1672 facit
525 1630 622 1672 unam
648 1609 822 1672 maximam
851 1610 883 1672 et
912 1609 1097 1673 sensibilem

125 1693 339 1778 uoluptatem,
369 1693 459 1758 cibus
482 1696 590 1757 autem
611 1693 727 1778 exiguo
749 1693 992 1758 subministrem
1019 1716 1097 1779 pau-

126 1778 217 1843 latim
239 1779 408 1864 penuriam
431 1778 622 1843 consolatur.
646 1778 716 1842 ideo
739 1778 887 1862 uoluptas
911 1778 1096 1842 eiusmulti-

125 1864 243 1929 fariam
266 1864 514 1928 comminuitur!

73 1947 115 2012 21
211 1948 294 2013 ‘Hoc
316 1971 439 2033 quoque
462 1949 489 2012 si
515 1948 643 2012 uidetur
669 1947 751 2012 addo
779 1947 929 2032 quaesitis
958 1970 1014 2012 eur
1042 1949 1137 2034 qui2⁰

12 2028 65 2049 '⁵⁸
127 2033 251 2098 auidius
274 2037 393 2098 uorant
406 2033 533 2098 facilius
555 2033 652 2097 satias
676 2032 783 2116 capiat
805 2054 900 2116 quam
915 2033 970 2116 qui
986 2034 1097 2098 eadem

127 2119 265 2203 quietius
288 2118 452 2183 ederint‘?’
476 2118 594 2183 ‘breuis
617 2120 677 2182 est'
700 2118 806 2202 inquit
828 2117 896 2182 ‘illa
917 2119 1095 2202 responsio

125 2225 204 2285 nam
225 2204 281 2268 ubi
304 2204 396 2268 auide
418 2203 587 2268 deuoratur
609 2206 688 2267 tunc
709 2203 828 2266 multus
852 2224 907 2266 aer
929 2225 1002 2266 cum
1024 2204 1097 2267 edu-

24 2336 29 2346 .
126 2286 210 2352 libus
233 2288 371 2352 infertur
391 2292 523 2372 propter
544 2288 704 2352 hiantium
725 2287 823 2351 rictus
846 2290 878 2351 et
893 2288 1097 2352 crebritatem

126 2373 317 2456 respirandi.
362 2373 373 2435 i
401 2373 463 2437 'tur
483 2373 539 2436 ubi
561 2394 616 2435 aer
636 2393 736 2436 uenas
760 2372 938 2454 conpleuit,
967 2373 1008 2436 ad
1029 2373 1096 2436 obi·
1110 2385 1136 2426 2⁵

128 2456 276 2521 ciendum
296 2457 374 2520 fasti
396 2457 463 2520 ium
484 2478 542 2540 pro
565 2456 636 2520 cibo
682 2458 838 2520 ansatur?

74 2538 118 2603 22
213 2540 268 2604 ‘Ni
289 2540 441 2604 molestus
463 2541 523 2605 tibi
545 2562 626 2623 sum,
673 2540 760 2622 isari,
784 2544 893 2624 patere
908 2541 980 2625 plus
996 2542 1096 2605 nimio

127 2644 167 2687 ex
182 2624 325 2688 discendi
349 2624 496 2709 cupidine
518 2624 715 2708 garrientem
738 2627 770 2688 et
791 2625 878 2690 dicas
901 2647 1017 2710 quaeso
1041 2648 1097 2690 cur

128 2707 233 2771 edulia
260 2709 338 2773 satis
367 2708 471 2772 calida
498 2707 626 2772 facilius
658 2710 884 2792 conprimimus
918 2733 971 2775 ore
1000 2732 1096 2794 quam

126 2814 225 2856 manu
247 2793 441 2857 sustinemus
464 2795 497 2858 et
518 2793 623 2878 siquid
650 2815 758 2857 eorum
779 2794 851 2878 plus
872 2795 978 2859 feruet
999 2817 1096 2879 quam
1110 2810 1136 2850 ³⁰

125 2880 163 2941 ut
185 2877 303 2942 diutius
331 2878 433 2962 possit
459 2878 586 2962 mandi,
614 2878 688 2943 ilico
715 2879 903 2944 deuoramus
932 2883 1096 2944 ettamen

74 2961 117 3026 23
127 2962 218 3026 aluus
253 2984 320 3034 non
355 2963 533 3046 perniciose
569 2962 707 3027 uritur?'
763 2967 795 3028 et
820 2964 875 3028 ille
909 2965 1095 3029 ‘intestinus

128 3046 214 3110 calor
236 3047 291 3130 qui
312 3047 347 3111 in
370 3047 443 3112 aluo
458 3050 507 3112 est
528 3048 619 3132 quasi
632 3048 732 3112 multo
747 3049 849 3113 maior
862 3048 1096 3114 uehementior·

196 3291 210 3339 1
229 3287 333 3354 liquore
350 3279 382 3339 P‘
451 3291 467 3340 3
486 3286 577 3352 capiet
591 3288 617 3336 P
682 3289 699 3337 4
717 3287 826 3339 fecerat
841 3295 950 3354 praeter
962 3293 991 3339 at
1003 3292 1029 3340 in
1041 3306 1095 3339 rus.

126 3358 152 3406 ia
170 3357 196 3406 P
244 3354 446 3424 9exs0rlbttP
503 3357 534 3406 21
554 3352 685 3405 saciasP
736 3357 829 3422 capiat
846 3360 952 3422 scripsi:
972 3362 1096 3422 cappant

126 3425 152 3474 P
201 3427 233 3475 27
252 3426 281 3474 ni
299 3421 444 3489 molestus]
463 3421 635 3475 Immoleltul
648 3422 674 3472 P
740 3426 774 3475 29
791 3423 877 3491 edilia
896 3424 988 3476 calida
1007 3425 1073 3475 satis
1091 3421 1095 3490 l

127 3489 195 3540 satis
209 3491 322 3542 facrhul'
335 3494 361 3543 P
427 3495 461 3544 32
478 3495 564 3542 utitur
580 3482 614 3541 P‘
