2362 3878
360 187 422 253 xn,
436 179 559 264 'ra-18.
583 186 660 253 xm,
678 180 754 232 1-4
977 173 1041 239 523

73 340 190 404 totiens
213 339 426 403 nominamus.
472 338 614 403 etenim
636 360 693 402 sua
720 343 822 403 morte
845 341 952 405 anima
974 363 1040 406 non

74 425 274 508 extinguitur
296 424 351 488 sed
374 424 414 489 ad
436 428 562 507 tempus
591 423 752 506 obruitur,
782 446 843 488 neo
869 426 1040 510 temporali

73 509 270 573 demersione
302 508 495 574 beneficium
528 509 754 592 perpetuitatis
788 509 939 574 eximitur
968 532 1040 574 cum

72 615 181 657 rursus
205 615 221 658 e
244 614 392 677 corpore,
421 592 477 657 ubi
498 593 650 657 meruerit
674 593 867 677 contagione
888 594 1040 659 uitiorum

46 678 201 762 spenitus
230 678 360 742 elimata
388 678 536 763 purgari,
569 677 608 741 ad
643 678 794 761 perennis
822 679 907 742 uitae
935 677 1040 743 lucem

72 763 221 827 restituta
242 763 278 826 in
300 762 463 847 integrum
486 764 675 827 reuertatur.
720 762 815 847 plene
844 765 881 827 ut
903 763 1089 829 1111111118

72 848 110 910 de
132 847 200 910 uita
228 850 262 912 et
289 850 391 912 morte
420 847 547 911 animae
575 847 719 912 definitio
747 846 848 931 liquet
898 870 972 911 uam
1001 848 1040 912 de

73 931 181 1079 aldytist
204 930 425 1016 philosophiae
453 931 599 996 doctrina
627 934 660 996 et
687 933 849 1016 sapientia
876 869 1039 998 diceronis

72 1037 191 1080 emur.

35 1173 58 1210 10
157 1150 219 1217 Sed
234 1151 341 1235 Scipio
355 1173 414 1236 per
429 1151 568 1236 quietem
584 1155 616 1216 et
632 1152 728 1234 eaelo,
753 1152 834 1236 quod
856 1153 892 1215 in
913 1174 1003 1236 prae·
1010 1151 1091 1216 XIII

70 1236 170 1299 mium
193 1236 276 1301 cedit
298 1237 410 1320 beatis,
435 1240 468 1301 11
488 1237 698 1320 promissione
712 1237 1039 1301 inmortalitatis'ani-

70 1324 175 1384 matus
202 1324 270 1384 tam
298 1321 471 1406 gloriosam
498 1343 587 1405 spem
614 1324 744 1405 tamque
766 1320 913 1386 inclitam
934 1321 1039 1406 magis

71 1405 238 1489 magisque
260 1405 401 1469 firmauit
422 1406 492 1469 uiso
513 1409 623 1490 patre,
647 1407 685 1470 de
708 1427 770 1489 quo
785 1408 894 1469 utrum
915 1406 1039 1470 uiueret

72 1510 144 1551 oum
168 1489 270 1552 adhuc
292 1489 455 1554 uideretur
481 1489 628 1555 dubitare
650 1490 864 1575 quaesiuerat.
904 1489 1075 1555 mortem?

34 1572 172 1656 sigitur
193 1573 289 1637 malle
312 1574 427 1657 coepit,
451 1578 487 1638 ut
508 1575 648 1639 uiueret:
671 1596 732 1640 nec
753 1575 846 1639 flesse
868 1578 1039 1640 contentus

71 1657 140 1721 uiso
168 1666 303 1741 parente
351 1680 424 1722 uem
453 1659 630 1723 crediderat
657 1660 851 1742 extinctum,
875 1660 930 1724 ubi
952 1660 1040 1744 loqui

71 1764 163 1824 posse
192 1743 312 1826 eoepit,
371 1764 408 1808 oo
435 1743 574 1827 primurn
602 1742 738 1827 probare
766 1744 867 1807 uoluit
895 1743 977 1806 nihil
1005 1764 1039 1807 se

70 1828 175 1910 magis
203 1827 383 1891 desiderare
409 1849 503 1911 quam
533 1831 569 1891 ut
600 1849 672 1890 cum
699 1848 736 1890 eo
763 1827 826 1890 iam
850 1829 1038 1891 moraretur.

70 1932 131 1974 nec
158 1914 266 1974 tamen
295 1912 380 1995 apud
407 1932 441 1974 se
469 1933 550 1995 quae
571 1910 774 1975 desiderabat
793 1909 943 1975 facienda
966 1932 1039 1975 oon·

32 2016 57 2054 1ο
71 1994 177 2058 stituit
205 1998 281 2058 anto
309 2016 404 2077 quam
438 1995 632 2058 consuleret:
666 2015 800 2093 quorum
832 2017 932 2058 unum
965 2017 1038 2079 pru-

71 2079 215 2161 dentiae,
245 2079 381 2142 alterum
430 2079 539 2142 ietatis
569 2079 709 2143 adsertio
738 2084 796 2144 est.
853 2101 940 2142 nune
968 2080 1038 2163 ipsa

71 2162 121 2228 uel
150 2162 345 2226 consulentis
373 2101 428 2227 uel
458 2164 687 2247 praecipientis
719 2164 818 2228 uerba
850 2166 1036 2228 tractemus.

71 2268 214 2330 quaeso
234 2248 395 2332 inquam
416 2251 533 2332 pater
553 2249 811 2313 sanctissime
834 2251 950 2331 atque
973 2269 1037 2331 op·
1055 2247 1075 2311 3

70 2336 190 2416 turne,
214 2332 399 2416 quoniam
420 2335 517 2397 haee
539 2336 600 2398 est
621 2333 723 2415 uita,
746 2337 787 2397 ut
803 2332 1038 2397 Africanum

33 2418 187 2481 11111111
203 2417 350 2501 dicere,
367 2417 460 2502 quid
475 2439 604 2482 moror
624 2419 665 2481 in
687 2418 835 2482 terris?
857 2416 1038 2503 quinhuc

71 2502 115 2565 ad
138 2523 206 2566 uos
234 2503 365 2567 uenire
393 2502 588 2589 propero?
621 2524 699 2567 non
721 2506 781 2567 est
802 2503 876 2586 ita,
904 2502 1038 2587 inquit

69 2586 148 2649 ille.
194 2586 274 2650 nisi
297 2588 505 2653 enimcum
528 2588 621 2653 deus
642 2588 691 2672 is,
715 2588 826 2653 cuius
847 2586 920 2651 hoc
942 2590 1038 2651 tem-

70 2669 174 2752 plum
197 2674 257 2734 est
279 2693 388 2737 omne
437 2673 510 2737 uod
533 2672 751 2756 conspicis,
775 2673 869 2737 istis
891 2675 930 2735 te
954 2692 1038 2735 cor-

70 2754 180 2837 poris
204 2695 679 2839 custodiisliberauerit,
708 2755 782 2821 huc
803 2756 880 2821 tibi
904 2755 1037 2832 aditus

33 2842 209 2921 repetere
232 2859 308 2902 non
336 2843 480 2922 potest.
525 2840 703 2905 homines
726 2842 829 2904 enim
851 2839 1076 2905 1111111114
1145 2850 1147 2855 ’

70 2923 160 3007 lege
189 2924 376 3007 generati
398 2924 464 3008 qui
485 2927 693 2989 tuerentur
720 2924 835 2989 illum
861 2924 1036 3010 globum,

71 3029 180 3092 quem
212 3008 248 3071 in
283 3008 432 3092 templo
461 3007 534 3073 hoc
569 3007 738 3074 medium
774 3008 902 3093 uides,
940 3030 1037 3092 quae

70 3099 180 3157 terra
207 3092 372 3158 dicitur:
409 3091 549 3177 hisque
582 3092 735 3158 animus
764 3094 879 3159 datus
907 3097 967 3158 est
994 3114 1039 3156 ex

1090 3006 1105 3039 <⁸

140 3285 246 3347 5prior
265 3299 281 3333 a
299 3283 326 3332 in
344 3281 458 3332 ehmata
476 3284 503 3332 in
519 3298 572 3333 rao.
590 3284 616 3333 in
634 3283 660 3332 P
743 3282 896 3333 6111111101
913 3273 945 3331 P'
1023 3283 1038 3332 8

72 3350 182 3414 abdytrl
198 3352 223 3400 P
272 3349 579 3400 111mm0rta11tausP
646 3351 678 3402 15
697 3354 771 3416 capit
788 3350 814 3399 P
868 3351 1039 3402 1811111111.

71 3419 96 3467 P
163 3421 196 3470 20
215 3421 266 3483 qua
285 3424 349 3469 ante
367 3419 393 3468 P
459 3420 493 3469 23
510 3423 613 3485 optimo
632 3418 659 3468 P
723 3419 756 3469 21
775 3417 824 3468 1111
842 3432 890 3468 om.
908 3417 934 3466 P
1000 3414 1037 3482 is]

71 3487 117 3536 hro
136 3487 162 3536 P
228 3477 454 3540 3011111111γ
