2362 3878
393 210 470 278 vin,
486 205 572 255 2-8.
596 211 686 277 vuu,
703 205 778 254 1-4
1004 194 1067 259 603

99 366 131 426 et
154 361 357 446 amplectitur
379 365 411 426 ot
432 362 620 444 interuenit,
644 362 764 427 circum
786 384 839 426 eas
862 366 894 427 et
913 363 1067 428 intereas

99 446 254 530 uoluitur,
283 469 349 511 non
377 469 435 530 per
462 468 525 511 eas.
572 467 648 531 ergo
675 449 782 530 potest
807 450 954 512 constare
975 449 1068 513 nobis

98 531 281 596 intellectus
303 532 420 615 siper
448 531 580 596 ambas
602 552 661 614 pro
689 532 797 596 inter
824 531 957 595 ambas
979 554 1067 597 more

97 616 199 699 ipsius
225 619 339 700 poetae
367 616 489 680 dictum
517 615 744 681 existimemus.
789 617 883 681 nobis
914 615 1000 680 aliud
1028 613 1103 681 add

72 700 318 764 adefensionem
345 701 431 765 ultra
452 700 532 765 haec
555 722 635 786 quae
663 699 801 765 diximus
823 723 890 765 non
917 701 1065 765 occurrit.

97 806 209 849 uerum
231 785 383 883 quoniam
404 785 440 849 in
460 785 565 849 medio
587 785 749 870 posuimus
771 807 849 869 quos
875 785 956 849 fines
977 807 1068 849 num-

98 891 194 953 quam
215 892 269 933 ura
291 869 366 934 solis
389 870 537 953 excedat,
568 871 775 935 manifestum
803 874 852 935 est
874 873 981 935 autem
1003 892 1068 935 om-

98 954 194 1017 nibus
217 954 293 1039 quid
314 954 406 1019 Maro
429 954 561 1038 dixerit,
586 977 680 1039 quem
704 957 831 1019 constat
846 956 961 1019 erroris
974 956 1067 1039 igna-

97 1060 185 1120 rum,
220 1039 281 1103 erit
307 1039 433 1124 ingenii
460 1039 661 1124 singulorum
686 1040 833 1104 inuenire
861 1039 936 1124 quid
966 1040 1069 1123 possit

59 1141 85 1180 10
99 1122 236 1208 amplius
258 1146 317 1207 pro
339 1124 534 1189 absoluenda
555 1123 617 1188 hac
639 1125 826 1209 quaestione
849 1124 998 1189 conferri.

182 1275 243 1340 His
258 1297 382 1360 quoque
400 1279 438 1340 ut
459 1276 597 1341 arbitror
610 1297 677 1340 non
692 1275 794 1341 otiosa
807 1277 1007 1361 inspectione
1022 1270 1119 1340 VIIII

97 1360 246 1424 tractatis
268 1382 356 1425 nunc
379 1361 417 1424 de
440 1360 569 1425 Oceano
590 1361 675 1446 quod
696 1360 901 1445 promisimus
924 1360 1067 1425 adstrua-

97 1466 184 1526 mus,
208 1465 275 1507 non
296 1466 360 1509 uno
383 1446 438 1509 sed
460 1446 590 1529 gemino
612 1445 679 1510 eius
695 1446 818 1510 ambitu
832 1449 937 1510 terrae
954 1467 1068 1530 corpus

97 1550 192 1592 omne
215 1529 407 1612 circumflui,
437 1531 525 1594 cuius
553 1552 648 1595 uerus
671 1533 703 1594 et
730 1531 852 1614 primus
874 1532 998 1595 meatus
1020 1533 1070 1595 est

59 1630 85 1669 15
98 1613 152 1697 qui
180 1613 221 1677 ab
249 1613 377 1677 indocto
399 1612 566 1678 hominum
587 1636 706 1699 genere
732 1616 885 1680 nescitur.
925 1615 953 1679 is
981 1615 1068 1679 enim

98 1719 192 1781 quem
220 1697 323 1762 solum
345 1696 511 1763 Oceanum
532 1698 640 1783 plures
662 1698 853 1783 opinantur,
881 1699 921 1762 de
943 1699 1067 1763 sinibus

98 1783 138 1846 ab
160 1783 215 1846 illo
237 1782 389 1866 originali
409 1783 525 1848 refusis
547 1782 721 1846 secundum
737 1803 775 1846 ex
794 1783 988 1846 necessitate
1003 1803 1068 1846 am-

98 1867 201 1930 bitum
222 1866 311 1929 fecit.
359 1871 499 1931 ceterum
528 1867 616 1950 prior
644 1865 710 1929 eius
736 1886 854 1930 corona
876 1888 934 1950 per
956 1864 1105 1951 zonam2

98 1955 203 2014 terrae
227 1949 364 2013 calidam
385 1952 473 2014 meat
495 1949 658 2034 superiora
679 1951 837 2014 terrarum
860 1953 893 2015 et
914 1950 1068 2015 inferiora

59 2035 250 2119 accingens,
288 2033 406 2098 flexum
443 2034 519 2098 circi
556 2033 801 2117 aequinoctialis
837 2035 974 2099 imitata.
1028 2035 1069 2100 ab

98 2119 221 2183 oriente
242 2139 318 2182 uero
341 2119 419 2183 duos
442 2118 532 2183 sinus
554 2118 712 2202 refundit,
736 2140 836 2183 unum
859 2120 899 2182 ad
921 2119 1069 2183 extremi-

97 2207 199 2268 tatem
220 2204 459 2287 septentrionis,
483 2203 525 2267 ad
546 2202 694 2267 australis
717 2202 869 2286 alterum,
897 2225 1069 2288 rursusque

99 2289 139 2351 ab
162 2288 326 2353 occidente
349 2290 410 2353 duo
424 2289 547 2372 pariter
562 2290 757 2352 enascuntur
772 2289 876 2371 sinus,
899 2289 954 2372 qui
969 2309 1069 2372 usque

99 2373 139 2437 ad
167 2373 277 2437 ambas
312 2395 391 2458 quas
419 2395 516 2457 supra
550 2372 689 2436 diximus
719 2373 938 2437 extremitates
969 2373 1069 2437 refusi
1112 2407 1115 2445 ;

60 2477 86 2517 25
99 2462 271 2523 occurrunt
292 2459 333 2523 ab
356 2458 480 2524 oriente
502 2457 658 2523 demissis.
691 2460 725 2522 et
746 2458 821 2521 dum
842 2457 876 2521 ui
897 2479 1021 2520 summa
1038 2459 1070 2521 et
1085 2454 1110 2518 3·

98 2543 221 2625 impetu
241 2543 421 2609 inmaniore
442 2544 619 2608 miscentur
638 2543 674 2606 in
694 2542 859 2626 uicemque
881 2563 914 2606 se
933 2541 1067 2625 feriunt,

99 2649 137 2689 ex
152 2626 223 2708 ipsa
238 2649 392 2711 aquarum
408 2627 572 2693 collisione
587 2629 732 2693 nascitur
745 2627 802 2691 illa
816 2625 1069 2691 famosaOceani

100 2712 239 2775 accessio
266 2713 386 2794 pariter
409 2716 441 2777 et
467 2714 603 2778 recessio
626 2715 659 2776 et
679 2712 870 2796 ubicumque
896 2711 933 2775 in
958 2714 1070 2776 nostro

99 2794 181 2858 mari
210 2795 320 2859 contin
344 2799 371 2859 it
397 2797 482 2860 idem
509 2797 562 2860 uel
589 2796 626 2859 in
654 2817 694 2860 an
743 2796 802 2861 stis
829 2796 922 2860 fretis
954 2795 1008 2859 uel
1034 2796 1070 2859 in

61 2899 86 2940 eo
99 2879 207 3027 planis
228 2817 514 2963 fortedittoribus,
539 2901 577 2944 ex
598 2880 678 2963 ipsis
732 2879 823 2944 ceani
845 2880 968 2945 sinibus
990 2902 1069 2965 quos

130 2984 264 3028 ocenum
278 2985 365 3028 nunc
378 2985 530 3029 uocamus
545 2965 709 3048 eueniunt,
733 2965 808 3050 quia
822 2967 968 3030 nostrum
982 2987 1070 3028 mare

100 3071 139 3112 ex
166 3047 230 3113 illis
258 3048 375 3113 influit.
421 3051 561 3114 ceterum
588 3049 694 3114 uerior
726 3052 764 3113 ut
795 3048 841 3113 ita
869 3049 975 3115 dicam
1003 3048 1107 3113 eius4

168 3237 358 3304 lestrmemus
370 3238 397 3287 B
448 3202 592 3288 tercedit
608 3238 633 3287 B
687 3226 726 3289 est
743 3254 789 3288 om.
808 3237 834 3287 B
886 3240 1069 3289 tinuemsre

103 3307 125 3354 P
176 3307 209 3357 10
227 3305 357 3356 confiteri
374 3305 424 3355 PB
478 3307 509 3355 12
528 3304 679 3356 astruamus
693 3305 719 3356 B
776 3307 807 3356 13
828 3304 867 3355 set
886 3304 911 3353 B
964 3303 1070 3353 ambitu

102 3371 202 3422 erusB
271 3373 404 3424 151111>
480 3374 512 3422 16
531 3375 638 3424 oceani
656 3389 703 3425 om.
721 3364 754 3422 B'
824 3371 1021 3436 19supep10ra
1039 3363 1072 3422 P'

102 3441 135 3488 26
152 3455 313 3491 immaniore
332 3441 358 3490 B
428 3443 460 3491 27
479 3455 578 3491 oceani
595 3443 622 3490 ln
639 3448 755 3492 extremo
772 3441 864 3494 uersis.
884 3455 931 3489 om.
951 3439 975 3488 B
1037 3441 1071 3490 30

102 3507 232 3558 litoribus
246 3508 271 3557 B
323 3509 429 3559 finibus
444 3507 492 3558 PB
