2362 3878
462 224 528 290 VII,
552 216 643 268 3-11
972 208 1031 273 157

18 380 22 435 ἒ
81 381 177 465 podes
206 378 302 443 dixit.
349 376 390 441 ob
415 376 494 441 haec
516 380 549 440 et
571 377 635 440 alia
656 397 755 440 manu
776 377 890 441 missus
914 380 946 442 et
968 381 1067 444 mal

83 465 132 528 iore
149 485 223 529 cura
246 462 409 544 eruditus,
434 482 507 527 cum
527 461 641 526 mimos
666 463 870 544 componeret
891 463 1033 548 ingenti-

85 570 129 697 3111
148 549 292 628 adsensu
306 548 343 611 iri
363 545 477 611 Italiae
499 547 624 631 oppidis
647 567 743 631 agere
767 546 937 644 coepisset,
961 570 1033 631 pro-

101 636 177 698 iotus
197 633 323 697 Romae
351 652 409 716 per
430 630 575 698 Caesaris
597 632 705 714 ludos,
734 652 845 695 omnes
874 653 928 715 qui
954 635 1033 696 tuno

73 719 186 802 siciipta
213 720 247 782 et
275 732 390 800 operas
419 738 491 782 suas
517 717 554 780 iii
581 737 732 781 scaenam
753 716 941 781 locauerunt
962 738 1034 800 pro-

89 804 193 868 uocauit
220 805 258 867 ut
286 802 409 887 singuli
436 823 544 866 secum
571 802 677 887 posita
704 801 739 865 iii
766 802 871 865 uicem
898 801 1034 864 matoria

47 966 50 971 ¹
89 908 132 970 pio
152 892 292 972 tempore
321 887 563 952 contenderent.
608 907 669 951 noc
696 885 762 950 ullo
789 889 957 951 recusante
984 907 1034 949 su-

46 1004 49 1013 ·
90 973 190 1054 perauit
211 993 340 1055 onmes,
369 971 406 1036 iii
433 973 503 1056 quis
530 980 563 1036 ct
583 971 765 1036 Laberium.
810 971 895 1035 unde
918 970 1070 1037 Caesarii

91 1056 212 1122 adridens
234 1057 298 1121 hoo
319 1057 413 1121 modo
435 1057 658 1140 pronuntiauit

66 1176 84 1215 ii
121 1158 238 1224 fauente
261 1157 324 1222 tibi
346 1177 397 1225 mc
419 1158 525 1222 uictus
548 1179 597 1241 es,
622 1157 753 1239 Laberi,
778 1179 797 1221 a
820 1156 899 1241 Syro

29 1277 45 1365 ᾗ
92 1260 236 1358 statimque
251 1258 368 1357 Publio
389 1259 531 1357 palmam
554 1263 586 1323 et
600 1258 735 1356 Laberio
753 1259 886 1356 anulum
901 1279 1033 1323 aureum

29 1374 45 1503 ἒ,
91 1362 145 1493 {1¹1}
140 1347 524 1495 urimilogcddildtdiedtdilns
546 1344 643 1408 dedit.
674 1347 753 1409 tunc
768 1343 902 1408 Publius
918 1343 958 1408 ad
972 1343 1032 1408 La-

32 1545 39 1617 3
119 1531 235 1614 quicum
247 1530 443 1596 contendisti
459 1531 606 1617 scriptor,
620 1534 706 1623 hunc
718 1533 879 1614 spectator
890 1530 1031 1595 subleua.

66 1631 129 1695 used
151 1636 181 1697 et
201 1631 358 1698 Laberius
386 1633 533 1717 sequenti
561 1633 671 1697 statim
694 1632 914 1697 commissione
936 1632 1069 1697 mimo9

26 1684 38 1817 [Γ
89 1736 151 1782 rouo
169 1718 333 1783 interiecit
354 1717 413 1783 hos
435 1739 545 1783 uersus

30 1824 35 1843 ²
115 1839 173 1884 nori
193 1822 331 1904 possunt
352 1819 449 1903 primi
471 1840 539 1883 esse
561 1840 672 1883 omnes
693 1819 780 1883 omni
800 1819 836 1883 iri
856 1823 1010 1904 tempore.

25 1910 34 1959 '-
116 1924 266 1970 summum
288 1904 329 1969 ad
351 1903 488 1989 gradum
510 1925 582 1969 oum
606 1904 761 1968 claritatis
783 1906 926 1986 ueneris,

115 1990 263 2055 consistes
286 2011 382 2075 aegre
406 1992 439 2053 et
461 1989 555 2053 citius
578 2010 675 2073 quam
697 1988 850 2053 escendas
873 1988 981 2052 cades:

61 2089 78 2130 ²⁰
115 2074 207 2139 cecidi
229 2095 309 2160 ego,
333 2074 427 2139 cadet
449 2075 502 2158 qui
525 2074 684 2158 sequitur:
706 2072 777 2136 laus
801 2076 849 2137 cst
871 2071 1011 2155 publica.

21 2250 25 2259 ¹
150 2174 285 2241 Publii
309 2178 417 2240 autem
439 2176 621 2241 sententiae
640 2175 790 2239 seruntur
806 2173 930 2256 lepidae
947 2177 979 2237 ct
994 2174 1034 2237 ad
1047 2176 1085 2240 10

21 2264 26 2287 ¹
84 2278 267 2327 communem
282 2282 375 2326 usum
390 2259 756 2342 adcommodatissimae,
782 2280 820 2323 ex
841 2259 955 2342 quibus
975 2258 1033 2323 has

81 2341 134 2410 fere
153 2347 290 2412 memini
312 2345 448 2432 singulis
471 2346 617 2411 uersibus
640 2345 898 2429 circumscriptas

112 2447 301 2513 beneficium
323 2447 429 2512 dando
451 2448 577 2532 accepit
598 2449 653 2532 qui
675 2446 773 2532 digno
795 2445 892 2510 dedit.
1046 2447 1084 2511 11

55 2546 72 2589 2⁵
109 2532 208 2617 seras,
232 2553 302 2599 nori
324 2532 433 2616 culpes
455 2533 538 2617 quod
561 2532 680 2596 mutari
701 2553 768 2596 non
790 2535 906 2616 potest.

111 2619 159 2683 ciii
180 2619 255 2704 plus
277 2617 354 2682 licet
376 2638 472 2701 quam
493 2639 553 2702 par
575 2620 624 2682 est
644 2617 716 2702 plus
738 2615 808 2681 uult
830 2638 926 2700 quam
947 2615 1032 2681 licet.

135 2844 166 2892 16
184 2842 286 2958 sitifim.
306 2856 373 2894 com.
393 2840 436 2896 ed.
446 2840 574 2894 Ribbeck
592 2856 618 2906 p.
629 2839 679 2892 253
747 2841 781 2891 24
799 2839 861 2903 Syri
878 2840 1034 2891 sententiae

75 2908 110 2959 od.
126 2910 234 2961 Ribbeo
273 2924 299 2964 u.
319 2912 351 2961 50
437 2910 470 2961 25
487 2909 525 2960 ib.
546 2911 594 2961 158
667 2909 700 2960 26
717 2907 755 2958 ib.
776 2909 825 2960 104

10 3154 12 3165 ·
136 3129 311 3194 lmaiorB‚
329 3130 428 3181 maiori
446 3130 545 3180 ourab
597 3127 798 3195 3praeductos
812 3120 844 3178 B'
897 3129 1035 3178 diomam

73 3196 87 3246 b
135 3198 206 3249 Sod
223 3197 361 3264 quisadd.
381 3197 520 3262 quinem
588 3197 674 3248 9hoo
691 3196 770 3247 modo
788 3197 870 3247 om.P
938 3197 968 3245 11
987 3210 1036 3260 pu·

73 3262 146 3315 bhho
163 3266 190 3316 P
263 3267 296 3315 12
314 3265 446 3331 publilius
459 3265 485 3314 P
552 3266 584 3315 19
599 3262 604 3330 Ι
620 3263 749 3316 consistes
763 3281 829 3330 egre
848 3262 870 3314 b
889 3262 971 3314 citius
986 3264 1037 3328 quii

74 3332 207 3384 ascendas
220 3332 334 3385 decides
344 3331 351 3401 Ι
365 3336 397 3396 Ρ,
414 3334 418 3397 Ι
435 3331 566 3384 consistes
580 3348 664 3400 aegre
682 3331 705 3382 &
724 3332 807 3383 citius
826 3347 905 3398 quam
925 3330 1037 3381 descon-

74 3400 122 3450 das
131 3399 138 3465 1
153 3401 187 3466 Β,
206 3402 351 3453 emendant!
367 3401 572 3453 Schneidewinas
631 3402 665 3452 20
682 3398 786 3467 pullioa
804 3399 830 3449 B
898 3401 929 3449 21
949 3396 1038 3462 publi-

74 3465 103 3531 111
121 3469 147 3518 P
212 3471 245 3521 22
264 3468 516 3521 adoomodutissime
534 3470 560 3519 P
625 3471 659 3519 23
677 3468 750 3519 serre
772 3461 806 3518 B'
888 3465 1037 3533 lunis

75 3536 504 3602 rieseieescireiimscriptasc
518 3535 529 3602 l
541 3538 569 3588 P
635 3538 668 3589 25
686 3552 741 3591 non
761 3555 810 3594 om.
829 3528 859 3589 P'
