2362 3878
133 164 198 232 374
533 182 631 229 marr
652 182 690 229 vr

540 333 603 398 heu
626 333 784 399 Mulciber

177 441 266 484 arma
287 420 408 516 ignauo
430 440 463 482 es
484 418 608 483 inuicta
628 418 806 483 fabricatus
829 440 942 502 manu,

134 508 167 569 et
188 503 348 589 Egnauus
370 504 409 568 de
430 524 537 568 rerum
558 507 676 568 natura
697 503 779 568 libro
823 503 904 567 rimo

177 589 311 673 denique
330 588 488 654 Mulciber
510 588 632 672 etipse
653 587 761 652 ferens
784 527 942 652 altissima
965 588 1055 671 caeli,

176 673 410 758 icontingunt.
1113 692 1126 731 5

97 843 118 908 3
539 840 706 926 Haedique
727 842 847 926 petulci

176 927 307 992 floribus
329 927 496 992 insultent.

133 1012 301 1078 Lueretius
322 1012 358 1077 in
381 1012 519 1078 seeundo

175 1101 342 1181 praeterea
364 1097 467 1162 teneri
489 1097 634 1162 tremulis
656 1097 691 1161 in
713 1097 845 1160 uocibus
867 1096 962 1161 haedi

176 1182 352 1247 remiseras
374 1184 495 1247 norunt
516 1185 635 1247 matres
658 1181 798 1266 agnique
820 1181 950 1266 petulci.
1116 1202 1140 1240 ιο

96 1266 211 1413 ‘lilllud
225 1267 395 1416 liaudaciae
428 1267 587 1331 maximae
619 1266 722 1331 uideri
749 1266 852 1350 possit
879 1266 963 1349 quod
991 1266 1037 1329 ait
1066 1267 1101 1329 in

164 1373 224 1416 ueo
250 1374 295 1416 ers

178 1438 210 1499 et
231 1436 343 1520 liquidi
366 1436 460 1499 simul
481 1436 585 1521 ignia,

133 1540 192 1603 pro
214 1542 294 1604 puro
316 1521 368 1584 uel
388 1521 494 1585 lucido
516 1542 571 1584 seu
592 1542 651 1605 pro
673 1520 771 1584 effuso
790 1522 822 1584 et
837 1518 1015 1583 abundanti
1037 1520 1101 1583 nisi

134 1604 221 1687 prior
243 1604 303 1669 hoe
326 1605 468 1689 epitheto
489 1605 657 1670 Lucretius
679 1626 755 1669 usus
776 1603 891 1668 fuisset
912 1604 947 1667 in
969 1607 1058 1668 sexto
1115 1624 1139 1663 15

176 1689 238 1754 hae
259 1689 357 1754 etiam
378 1690 416 1754 fit
437 1690 486 1754 uti
507 1691 546 1755 de
569 1712 665 1755 eausa
687 1689 814 1754 mobilis
836 1688 891 1752 ille

177 1774 303 1840 deuolat
324 1774 359 1838 in
380 1778 501 1840 terram
522 1775 635 1860 liquidi
658 1775 745 1839 calor
767 1795 880 1837 aureus
903 1774 999 1859 ignis.

1 1942 3 1947 ,
30 1934 35 1941 ¹
96 1858 267 1926 5tristis
289 1881 348 1944 pro
371 1882 501 1925 amaro
523 1859 694 1926 translatio
717 1860 833 1924 decens
856 1862 905 1922 est
926 1862 963 1922 ut

379 1945 544 2029 tristisque
565 1944 680 2029 lupini.

134 2029 235 2093 etita
257 2029 383 2095 Ennius
406 2031 441 2094 in
463 2030 545 2094 libro
569 2029 762 2096 Sabinarum
783 2031 897 2113 quarto
1115 2044 1140 2082 20

176 2135 279 2198 neque
301 2115 394 2179 triste
416 2115 578 2200 quaeritat
601 2114 722 2198 sinapi,
932 2136 938 2143 ·

175 2221 279 2283 neque
303 2221 379 2284 cepe
401 2203 505 2265 maest
563 2250 569 2265 .

96 2282 117 2348 6
217 2285 380 2349 Auritos
402 2285 557 2369 lepores
579 2305 646 2349 non
668 2283 760 2347 Maro
782 2283 904 2367 primus
932 2283 1102 2366 usurpauit

132 2369 189 2515 qed
216 2369 390 2433 Afranium
417 2370 561 2453 sequitur
588 2369 643 2452 qui
672 2369 707 2433 in
735 2367 876 2452 prolege,
897 2389 936 2431 ex
963 2388 1102 2451 persona

160 2452 210 2516 ria
232 2454 243 2516 i
266 2453 312 2517 ait
1115 2465 1140 2505 2⁵

209 2475 231 2537 p
378 2559 455 2601 nam
477 2537 561 2621 quod
582 2536 680 2622 uulgo
702 2536 892 2620 praedicant

176 2622 279 2685 aurito
301 2644 351 2686 me
373 2625 508 2705 parente
530 2625 658 2705 natum,
682 2643 749 2686 non
772 2621 818 2687 ita
841 2623 900 2685 est.

97 2707 165 2771 let
186 2709 223 2769 ut
246 2707 413 2790 conposita
435 2706 646 2791 subiungam‚
669 2706 754 2791 qued
776 2706 823 2770 ait
844 2704 1010 2790 Vergilius

134 2845 189 2853 ...—

202 2914 262 2964 lu.
280 2913 330 2964 559
347 2913 428 2967 Ribb.
515 2912 777 2979 6Georg.111110
862 2911 993 2963 911367
1071 2914 1102 2961 13

133 2977 223 3042 eclog.
241 2980 280 3030 VI
298 2983 331 3031 33
412 2980 567 3032 16V1205
643 2979 877 3046 1555055175
945 2981 977 3029 21
997 2983 1049 3029 eat.
1069 2981 1102 3030 25

133 3046 215 3097 Vahl.
286 3050 319 3099 23
337 3047 438 3115 Georg.
458 3050 472 3100 I
490 3050 540 3100 308
609 3050 643 3099 26
666 3063 693 3098 u.
712 3050 762 3099 405
780 3047 862 3099 Ribb,

201 3217 216 3265 2
240 3220 268 3266 et
289 3217 397 3268 inuicta
418 3217 542 3269 Bothiua:
569 3220 677 3268 inuicta
702 3216 731 3267 es
745 3217 771 3266 P
787 3215 823 3280 (et
840 3214 1017 3281 Hermannus)
1087 3218 1103 3265 4

60 3282 69 3299 '
134 3288 163 3332 et
180 3299 225 3336 om.
243 3284 270 3333 P
337 3286 503 3352 beontigna
520 3292 565 3336 aut
583 3301 645 3337 eum
662 3285 742 3352 tigne
759 3286 867 3336 coniecit
885 3284 1017 3335 Pantanus
1070 3286 1102 3333 14

132 3351 307 3403 habundantr
324 3355 350 3404 P
417 3356 449 3405 15
468 3354 533 3406 ·VI·
553 3353 578 3403 Ρ
645 3354 678 3404 20
702 3349 725 3402 lt
747 3357 788 3403 rta
811 3350 909 3403 ennrus
921 3359 1030 3416 praeter
1049 3350 1103 3400 sin

132 3435 186 3472 rar.
204 3421 232 3470 in
249 3422 276 3471 P
358 3424 391 3473 24
411 3437 456 3483 *s;
476 3424 502 3473 P
590 3423 623 3472 25
641 3436 707 3486 papr
725 3421 750 3470 P
824 3421 857 3471 27
876 3423 947 3470 anto
966 3413 998 3468 P'
1066 3420 1099 3468 28

127 3487 251 3550 eepouta
269 3489 297 3538 Ρ
