2362 3878
154 177 220 243 530
570 190 667 238 amru
688 190 702 236 1

107 348 147 413 12
157 366 310 412 crescere.
354 365 432 410 nam
453 343 559 428 siquid
581 342 701 408 inillis
723 342 967 408 similitudinem
989 345 1130 412 rationis

156 431 318 514 imitatur,
348 450 415 494 non
448 429 532 494 ratio
559 428 615 493 sed
642 428 797 493 memoria
824 431 888 511 est,
918 433 952 494 et
972 432 1130 495 memoria

156 538 222 580 non
249 515 307 579 illa
333 514 459 580 ratione
487 513 589 578 mixta
617 514 672 579 sed
700 534 781 598 quae
803 513 1035 579 hebetudinem
1057 537 1130 580 sen-

157 622 249 665 suum
270 600 349 684 quin
371 619 415 663 uc
435 599 620 664 comitatur:
643 599 682 663 de
704 620 767 683 qua
788 597 882 687 plura
903 620 992 664 nunc
1008 599 1128 684 dicere,

156 685 308 769 quoniam
403 705 557 768 praesens
584 704 664 767 opus
685 705 753 749 non
775 684 905 768 attinet,
928 683 1152 751 omittemus.='›

107 771 147 836 13
156 774 357 835 terrenorum
384 789 552 854 corporum
577 768 692 834 tertius
721 768 799 834 ordo
829 769 865 833 in
898 769 1069 835 arboribus
1097 774 1129 835 et

156 854 264 952 herbis
287 857 346 937 est,
370 875 451 951 quae
474 857 586 919 carent
606 856 675 918 tam
696 853 821 951 ratione
865 875 1072 952 uam-sensu,
1097 859 1129 921 et

107 938 679 1108 14td1aadtddteen1t¹nddndb¹dntttd⁰
696 960 912 1089 recen
927 940 1130 1091 eriere

155 1109 320 1194 Vergilius
342 1108 511 1192 expressit.
562 1129 639 1173 num
667 1111 700 1173 et
726 1109 846 1173 mundo
874 1109 1016 1175 animam
1038 1109 1129 1175 dedit
1142 1129 1164 1169 n

156 1198 206 1277 et,
234 1197 271 1259 ut
297 1193 433 1278 puritati
461 1192 529 1258 eius
556 1193 786 1275 adtestaretur,
814 1197 957 1258 mentem
984 1196 1127 1259 uocauit.

157 1278 281 1344 caelum
296 1278 392 1362 enim,
410 1278 472 1362 eit,
489 1281 521 1342 et
534 1281 638 1342 terras
654 1281 687 1342 et
700 1278 803 1342 maria
824 1281 857 1343 et
879 1278 984 1342 sidera
1006 1279 1130 1363 spiri·

155 1368 219 1427 tus
241 1363 351 1427 intus
379 1362 454 1426 alit
481 1362 515 1426 id
537 1365 587 1427 est
607 1362 717 1426 anima
739 1363 823 1427 sicut
845 1362 922 1427 alibi
944 1383 1003 1446 pro
1026 1364 1130 1448 spira-

155 1449 265 1511 mento
281 1446 422 1511 animam
437 1445 516 1511 dicit
537 1449 732 1530 quantum
753 1447 869 1532 ignes
892 1447 1129 1532 animaeque

155 1531 297 1597 ualent
320 1568 359 1579 -
383 1533 415 1596 et
437 1534 474 1596 ut
494 1530 581 1596 iilius
608 1531 791 1597 mundanae
813 1532 941 1597 animae
964 1533 1129 1598 adsereret
1141 1552 1164 1592 n

155 1615 366 1703 dignitatem,
389 1618 531 1681 mentem
554 1637 622 1682 esse
637 1619 774 1682 testatus
790 1620 840 1682 est
861 1639 970 1682 mens
993 1618 1129 1702 agitat

154 1700 292 1766 molem
305 1737 350 1750 --
362 1722 505 1768 necnon
519 1705 556 1766 ut
570 1702 752 1767 ostenderet
774 1724 812 1766 ex
834 1702 905 1787 ipsa
927 1702 1038 1767 anima
1053 1724 1129 1768 con·

155 1790 242 1852 stare
257 1790 290 1851 et
304 1786 442 1851 animari
456 1787 608 1852 uniuersa
629 1808 711 1872 qnae
732 1787 864 1871 uiuunt,
887 1786 1012 1852 eddidit
1033 1788 1128 1853 inde

155 1871 354 1937 hominum
383 1872 654 1956 pecudumque
676 1893 802 1970 genus
825 1875 858 1937 et
880 1875 1003 1953 cetera,
1027 1875 1128 1958 utque

156 1956 319 2022 adsereret
339 1957 475 2023 eundem
497 1977 565 2022 esse
585 1957 621 2022 in
636 1978 744 2022 amma
758 1977 885 2040 semper
904 1957 1053 2041 uigorem
1072 1958 1161 2023 seduc

155 2063 248 2106 nsum
262 2042 330 2108 eius
350 2041 520 2107 hebescere
541 2042 576 2106 in
597 2040 791 2106 animalibus
806 2041 948 2126 corporis
963 2041 1127 2108 densitate

156 2126 274 2192 adiecit
303 2130 491 2212 quantum
518 2146 596 2190 non
624 2126 743 2191 noxia
770 2147 936 2210 corpora
957 2128 1127 2192 tardant

106 2211 146 2276 15
156 2214 189 2276 et
210 2210 344 2296 reliqua.
375 2212 550 2277 secundum
571 2210 653 2276 haec
675 2231 752 2309 ergo
775 2233 847 2277 cum
870 2232 909 2276 ex
925 2232 1051 2277 summo
1068 2213 1125 2277 deo

155 2316 256 2381 mens,
282 2318 320 2362 ex
341 2300 450 2362 mente
472 2297 581 2361 anima
602 2296 650 2380 fit,
674 2317 783 2361 amma
805 2317 881 2362 uero
903 2299 937 2362 et
959 2297 1080 2362 condet
1094 2299 1126 2361 et

154 2380 223 2446 uita
251 2381 401 2465 conpleat
426 2381 536 2446 omnia
563 2401 644 2465 quae
671 2385 839 2465 secuntur,
871 2384 1050 2466 cunctaque
1071 2381 1160 2446 nica

154 2487 237 2530 unus
264 2465 373 2550 fulgor
397 2465 560 2529 illuminet
587 2468 620 2530 et
647 2465 808 2531 uniuersis
835 2468 1008 2551 appareat,
1031 2466 1125 2531 utin

155 2550 264 2615 multis
298 2549 436 2633 speculis
469 2570 528 2633 per
562 2550 707 2615 ordinem
739 2551 854 2634 positis
887 2551 995 2616 uultus
1029 2572 1124 2635 unus,

157 2654 291 2718 cumque
313 2633 423 2697 omnia
445 2632 606 2698 continuis
627 2635 883 2701 successionibus
898 2657 932 2701 se
947 2639 1126 2720 sequantur

155 2716 386 2802 degenerantia
412 2738 470 2802 per
499 2719 643 2785 ordinem
671 2720 712 2784 ad
738 2720 840 2786 imum
867 2720 1012 2786 meandi:
1034 2721 1126 2787 inne

155 2802 263 2867 nietur
290 2801 429 2887 pressius
456 2803 597 2871 intuenti
619 2826 639 2871 a
660 2827 784 2871 summo
812 2806 870 2871 deo
893 2826 992 2890 usque
1015 2806 1056 2870 ad
1079 2807 1160 2871 ura

154 2886 268 2952 timam
296 2909 403 2952 rerum
430 2888 553 2955 faecem
580 2912 646 2956 una
674 2891 792 2957 mutuis
821 2912 856 2956 se
883 2890 1024 2956 uinculis
1052 2891 1126 2957 reli·

179 2993 238 3037 ans
266 2976 298 3039 et
324 2995 482 3058 nusquam
508 2974 691 3061 interrupta
718 2976 861 3042 conexio.
912 2978 946 3041 et
972 2974 1053 3041 haec
1076 2981 1126 3043 est

188 3058 288 3123 omeri
321 3061 436 3124 catena
469 3080 576 3144 aurea,
614 3082 710 3145 quam
742 3061 882 3146 pendere
915 3061 954 3125 de
977 3061 1068 3126 caelo
1089 3062 1125 3127 in

106 3140 146 3206 16
155 3146 258 3208 terras
287 3143 382 3209 deum
407 3144 537 3209 iussisse
569 3150 804 3211 commemorat.
847 3145 898 3212 his
927 3166 1006 3231 ergo
1028 3146 1125 3212 dictis

155 3227 257 3294 solum
279 3227 442 3294 hominem
464 3232 591 3295 constat
612 3249 651 3295 ex
672 3232 809 3297 terrenis
834 3231 983 3297 omnibus
1004 3232 1125 3298 mentis
1137 3246 1160 3288 ³⁵

223 3435 415 3488 3hebrtudrne
432 3437 463 3487 P·
536 3438 568 3489 13
587 3437 694 3489 ammas
707 3444 736 3489 ut
751 3439 803 3490 uid.
822 3431 855 3488 F
922 3440 956 3490 25
973 3436 1126 3504 sequuntur

150 3502 180 3552 P
245 3504 279 3556 29
297 3497 518 3571 deretrantraF
