2362 3878
158 179 221 246 620
571 196 667 243 meru
683 196 709 242 11

159 351 279 414 etiem
312 371 395 413 eum
427 371 518 432 pars
550 353 729 414 mouetur
760 349 1002 433 quiescente
1032 350 1130 415 inte-

159 435 311 519 gritate
333 438 375 497 ut
396 434 521 519 siquis
544 437 658 498 stans
680 434 816 518 pedem
837 456 1052 500 menumue
1072 436 1131 500 uel

123 523 277 603 9eeput
305 519 445 604 agitet.
490 540 559 602 per
587 541 625 583 se
658 523 787 584 eutem
817 522 1004 583 mouetur
1035 520 1130 605 quod

157 626 282 689 neque
310 626 353 668 ex
380 603 583 668 accidenti
611 625 736 688 neque
770 625 814 668 ex
847 606 963 688 parte
999 605 1070 669 sed
1097 609 1131 669 et

158 692 283 753 totum
306 688 421 753 simul
444 693 637 767 mouetur,
667 691 709 752 ut
736 688 884 752 eumad
915 690 1149 772 superiora⁵

157 774 266 859 ignis
295 774 488 838 aseendit.
534 779 572 837 et
600 774 644 837 de
671 773 733 837 his
766 771 924 857 quidem
957 795 1064 857 quae
1090 796 1130 839 ex

159 859 359 924 accidenti
380 862 591 923 mouentur
612 859 725 922 nulla
740 856 944 921 dubitatio
960 862 1025 923 est
1040 860 1131 943 quin

159 944 207 1007 ab
244 943 322 1007 alio
358 947 608 1027 moueantur,
644 943 821 1027 probabo
856 945 994 1007 autem
1029 944 1131 1028 inquit

159 1028 277 1092 etiam
299 1051 342 1093 ea
364 1050 460 1112 quae
482 1050 552 1112 per
574 1050 614 1092 se
636 1029 844 1092 mouentur
872 1026 920 1090 ab
949 1026 1035 1092 alio
1056 1050 1130 1092 mo·

111 1113 253 1187 loueri.
299 1136 343 1178 ex
371 1114 549 1178 omnibus
578 1112 749 1178 enimait
775 1132 873 1193 quae
896 1133 970 1195 per
994 1134 1036 1177 se
1057 1132 1159 1176 mo-rr

158 1201 305 1261 uentur
327 1197 407 1262 alia
423 1220 580 1264 causam
594 1201 720 1262 motus
735 1198 843 1261 intra
858 1216 897 1258 se
919 1197 1133 1279 possident

158 1286 199 1345 ut
222 1283 411 1347 animalia
439 1287 479 1348 ut
508 1285 669 1347 arbores
697 1301 797 1366 quae
824 1280 913 1343 sine
941 1281 1067 1346 dubio
1089 1282 1131 1345 ab

160 1366 237 1429 alio
258 1366 559 1451 intelleguntur
581 1367 745 1449 moueri,
775 1387 794 1428 a
816 1385 937 1429 eausa
967 1365 1133 1431 scilieet

159 1470 257 1532 quae
284 1451 323 1514 in
350 1450 447 1533 ipsis
475 1451 593 1533 latet,
622 1473 711 1515 nem
739 1470 897 1515 eausam
924 1453 1061 1515 motus
1091 1451 1131 1514 ab

159 1554 202 1595 eo
224 1535 325 1617 quod
346 1535 645 1599 moueturratio
660 1537 907 1619 sequestrat,
932 1533 1018 1598 alia
1039 1552 1158 1599 ueros

160 1620 296 1700 aperte
324 1619 370 1683 ab
398 1619 477 1683 alio
504 1623 714 1684 mouentur
745 1619 786 1684 id
813 1622 873 1682 est
900 1621 971 1682 aut
1002 1623 1041 1682 ui
1070 1622 1133 1683 aut

110 1705 311 1776 nnatura.
356 1702 1131 1786 etuimoueridioimusomneiaeulum,

160 1788 260 1870 quod
284 1810 367 1853 oum
389 1790 432 1855 de
454 1812 569 1854 manu
589 1788 813 1854 iaculantis
842 1788 1036 1870 recessit,
1069 1810 1132 1853 suo

159 1872 317 1955 quidem
338 1877 443 1938 motu
464 1875 564 1939 ferri
586 1875 747 1938 uidetur
775 1871 841 1936 sed
863 1871 981 1956 origo
1004 1876 1133 1937 motus

161 1956 207 2019 ad
228 1957 306 2020 uim
327 1958 514 2024 refertur.
551 1959 608 2023 sie
631 1960 736 2023 enirn
757 1978 836 2021 non
856 1976 1077 2102 numpuam
1099 1964 1161 2021 ets

159 2043 306 2106 terram
334 2064 488 2107 sursum
516 2048 555 2108 et
581 2045 718 2129 ignem
746 2042 924 2105 deorsum
975 2042 1059 2106 erri
1081 2042 1133 2105 ui-

160 2124 304 2209 demus,
328 2129 430 2211 quod
453 2128 607 2193 alienus
629 2128 715 2192 sine
737 2126 855 2191 dubio
879 2124 1135 2210 eogitinpul-

111 2220 234 2283 12sus.
279 2217 425 2277 natura
446 2235 541 2278 uero
556 2208 1023 2293 mouenturuelgreuia,
1052 2231 1135 2275 oum

158 2315 226 2377 per
248 2316 287 2359 se
310 2296 488 2362 deorsum
509 2298 572 2363 uel
594 2297 700 2362 leuia
723 2318 806 2360 eum
826 2314 985 2357 sursum
1000 2294 1135 2359 ferun·

159 2381 237 2460 tur,
268 2382 335 2445 sed
363 2386 400 2446 et
426 2383 523 2447 haec
554 2382 764 2447 dicendum
791 2380 853 2444 est
879 2377 926 2440 ab
949 2378 1037 2442 alio
1060 2398 1165 2443 mors

110 2464 244 2538 13ueri
276 2466 375 2531 lieet
403 2487 514 2550 aquo
541 2466 739 2530 habeatur
766 2464 978 2528 incertum.
1024 2464 1136 2528 ratio

159 2549 262 2611 enim
285 2550 331 2613 eit
353 2550 616 2632 deprehendit
644 2572 727 2614 esse
755 2545 888 2613 neseio
910 2546 1008 2628 quid
1031 2548 1138 2631 quod

159 2631 257 2695 haee
288 2635 454 2696 moueat.
499 2655 585 2698 nem
618 2635 650 2698 si
681 2637 823 2719 sponte
856 2635 1137 2715 mouerentur,

160 2718 303 2797 sponte
331 2717 451 2780 etiam
479 2721 649 2802 sterent,
685 2720 752 2784 sed
784 2737 854 2781 nec
882 2735 1000 2778 unam
1030 2717 1138 2781 uiam

160 2819 315 2882 semper
347 2807 529 2886 agerent,
563 2805 678 2868 immo
710 2825 779 2888 per
811 2801 973 2865 diuersa
1002 2821 1166 2866 moue-u

158 2886 298 2947 rentur
319 2885 351 2948 si
373 2888 812 2970 spontaneoferrentur
828 2884 1001 2969 agitatu.
1053 2908 1140 2951 eum

159 2988 253 3031 uero
286 2968 359 3034 hoe
387 2972 521 3037 faeere
558 2994 637 3036 non
669 2972 830 3057 possint
866 2967 932 3032 sed
968 2966 1140 3036 leuibus

159 3073 310 3136 semper
332 3075 521 3121 aseensus
544 3061 583 3121 et
604 3058 821 3122 descensus
851 3051 1050 3138 grauibus
1075 3056 1140 3121 de·

225 3293 299 3343 4set
317 3296 406 3346 omisso
426 3300 455 3345 et
473 3295 498 3344 B
567 3298 637 3347 tex
654 3312 700 3350 om.
720 3286 753 3346 P‘
832 3294 864 3343 16
882 3293 980 3357 aperto
999 3284 1044 3354 F,
1071 3303 1142 3363 apte

158 3364 224 3421 apte
242 3353 286 3411 B'·
351 3364 381 3413 17
400 3378 550 3413 remoueri
568 3364 594 3413 P
660 3367 692 3416 18
711 3364 826 3415 excessit
845 3360 872 3409 B
939 3359 1146 3429 221mpulsus

158 3427 207 3477 PB
246 3432 292 3506 ,23
309 3430 355 3480 uel
372 3432 540 3481 turaer'nP
606 3420 948 3493 241e1uorr'1tlr'nras.)P'
1002 3426 1143 3487 feruntur

152 3511 200 3548 om.
213 3497 243 3549 B
320 3501 353 3552 25
372 3506 397 3552 et
409 3500 442 3551 29
456 3497 496 3550 set
507 3498 532 3548 B
584 3501 616 3550 sl
634 3502 671 3551 od
687 3501 826 3551 ferrentur
844 3498 905 3547 add.
918 3496 931 3545 t
944 3494 1083 3555 ferentur
1096 3506 1143 3556 Bu
