2362 3878
129 195 194 261 454
525 207 622 255 meru
644 207 695 254 vn

129 363 254 446 trahi,
276 364 410 447 potum
430 382 527 425 uero
548 382 619 445 per
640 357 805 444 ἀρτηρίαν
834 382 932 446 quae
962 372 1100 445 τραχεῖα

130 448 280 514 dicitur
300 446 422 511 fibris
448 444 649 529 pulmonis
676 445 814 510 inlabi.
864 447 948 530 quod
969 450 1101 512 tantum

128 534 234 597 uirum
255 531 309 595 uel
330 531 516 595 aestimasse
538 530 590 595 uel
611 531 647 594 in
673 530 772 594 libros
794 532 958 596 rettulisse
980 532 1100 598 miran-

92 617 203 683 3dum
225 619 275 683 est
294 616 347 680 uel
368 616 477 700 potius
498 615 678 680 dolendum.
723 615 808 680 unde
830 615 1099 684 neasrsraarvs

128 702 323 767 medicorum
333 705 479 765 ueterum
490 700 718 783 nobilissimus,
729 700 764 764 in
780 723 852 765 eum
866 702 934 766 iure
950 702 1100 768 inuectus
1114 720 1127 762 5

88 808 91 815 ·
128 789 179 851 est
193 786 303 852 dicens
316 785 526 851 rettulisse
542 784 658 849 illum
671 786 790 870 longe
806 785 968 863 diuersa
983 808 1101 871 quam

91 872 233 936 4ratio
261 870 537 955 deprehendit.
581 870 677 934 duas
700 870 804 934 enim
826 893 909 936 esse
931 872 1100 937 fistulas

127 957 261 1021 instar
290 955 507 1038 canalium,
536 977 680 1039 easque
709 955 760 1020 ab
789 957 884 1020 oris
911 957 1100 1023 faucibus

127 1041 343 1125 proficisci
376 1040 572 1123 deorsum,
601 1044 646 1104 et
672 1061 742 1124 per
771 1062 900 1105 earum
928 1040 1101 1106 alteram

127 1125 266 1191 induci
294 1125 430 1189 delabi
462 1147 507 1190 ue
540 1125 581 1189 in
615 1125 860 1190 stomachum
887 1126 1140 1191 esculentam

127 1211 258 1275 omnia
281 1212 319 1275 et
339 1147 556 1294 poculenta
583 1230 630 1273 ex
657 1231 779 1294 eoque
806 1210 906 1275 ferri
933 1213 976 1274 in
1004 1233 1100 1276 uen-

79 1359 84 1367 ,
126 1295 330 1378 triculum‚
371 1295 449 1379 qui
478 1293 657 1359 Graece
693 1295 922 1379 appellatur
957 1293 1099 1379 ἡαάτω

127 1383 254 1462 κοιλία,
297 1381 436 1462 atque
469 1378 580 1443 illic
614 1379 776 1464 subigi
809 1379 1020 1464 digerique
1054 1402 1101 1445 ac

127 1463 271 1527 deinde
294 1462 472 1527 aridiora
494 1485 539 1527 ex
561 1462 890 1530 hisrecrementa
912 1466 953 1529 in
968 1465 1100 1530 aluum

128 1547 359 1630 conuenire,
382 1548 481 1633 quod
498 1548 649 1614 Graece
665 1549 769 1613 κόλον
784 1549 947 1631 dicitur,
971 1549 1140 1614 humi-1⁵

89 1631 239 1696 bdiora
261 1634 392 1696 autem
449 1655 489 1697 er
510 1655 625 1698 renes
652 1634 693 1699 in
720 1634 896 1699 uesicam
922 1632 1032 1718 trahi
1061 1638 1100 1699 et

155 1739 198 1781 er
220 1716 391 1782 alteram
418 1656 463 1782 de
492 1719 642 1783 duabus
670 1719 948 1802 superioribus
976 1719 1099 1783 fistu-

125 1740 215 1886 lam,
239 1823 337 1886 quae
361 1801 510 1868 Graece
533 1803 768 1888 appellatur
789 1814 926 1887 τραχεῖα
942 1801 1096 1887 ἀρτηρία,

126 1887 313 1970 spiritum
340 1910 359 1951 a
386 1909 532 1953 summo
559 1909 624 1953 ore
655 1888 697 1953 in
726 1887 952 1972 pulmonem
980 1891 1098 1973 atque

126 1971 218 2037 inde
251 1994 404 2037 rursum
436 1972 477 2037 in
510 1995 550 2038 os
584 1977 625 2037 et
656 1974 697 2037 in
730 1994 847 2038 nares
881 1989 1137 2038 commearem

89 2054 274 2142 dperque
307 2058 470 2122 eandem
502 2058 610 2123 uocis
644 2057 743 2122 sieri
775 2060 944 2123 meatum
977 2080 1022 2123 ac
1049 2079 1098 2122 ne

125 2145 242 2225 potua
277 2142 439 2207 cibusue
472 2143 635 2226 aridior,
670 2164 781 2226 quem
815 2145 1023 2225 oporteret
1057 2143 1099 2207 in

126 2227 369 2292 stomachum
400 2227 472 2310 ire,
502 2226 733 2311 procideret
761 2250 805 2291 ex
839 2248 904 2292 ore
938 2226 1098 2291 labere-

125 2313 266 2396 turque
294 2312 335 2376 in
356 2334 444 2376 eam
471 2311 657 2378 fistulam
684 2333 755 2395 per
781 2333 896 2396 quam
922 2312 1097 2396 spiritus

124 2397 402 2481 reciprocatur
425 2418 469 2460 ex
492 2418 614 2480 eaque
637 2396 870 2461 offensione
898 2396 1137 2460 interula-2⁵

125 2480 286 2545 deretur
320 2481 476 2545 animae
509 2481 588 2565 uia,
622 2481 851 2564 impositam
884 2502 970 2545 esse
1011 2484 1097 2544 arte

126 2565 291 2648 quadam
320 2568 366 2628 et
394 2585 465 2649 ope
497 2568 701 2629 naturae
731 2565 954 2646 ἐπιγλωττίδα
982 2566 1097 2650 quasi

127 2648 343 2712 claustrum
364 2651 540 2713 mutuum
561 2650 770 2735 utriusque
791 2649 975 2733 fistulae,
998 2671 1097 2735 quae

88 2732 200 2796 lsibi
228 2735 339 2797 sunt
367 2731 632 2799 cohaerentes
655 2756 844 2820 eamque
872 2734 1098 2816 ἐπιγλωττίδα

124 2816 233 2881 inter
269 2817 459 2882 edendum
493 2818 780 2904 bibendumque
819 2820 1011 2902 operire
1052 2835 1136 2884 ac³⁰

125 2905 380 2987 protegere
409 2900 472 2988 τὴν
493 2915 653 2987 τραχεῖαν
675 2902 856 3000 ἀρτηρίαν,
885 2904 1032 2988 nequid
1053 2925 1098 2969 ex

126 3007 214 3050 esca
236 2991 381 3071 potuue
404 2988 606 3053 incideret
627 2989 675 3052 in
701 2988 802 3053 rllud
824 2989 938 3073 quasi
966 2992 1098 3054 aestu-

125 3071 235 3135 antis
279 3073 460 3139 animae
501 3073 596 3138 iter
638 3095 688 3138 ac
726 3076 943 3158 propterea
993 3072 1098 3137 nihil

128 3227 332 3240 ———.-.

196 3314 209 3360 1
229 3317 352 3364 arteman
370 3314 396 3362 P
462 3312 570 3363 trachia
587 3312 614 3362 P
680 3306 841 3364 311br1sF
909 3315 925 3364 3
943 3320 969 3364 et
986 3314 1002 3362 6
1021 3317 1096 3362 retu·

125 3376 194 3444 bille
213 3381 239 3429 P
322 3383 354 3431 13
373 3379 433 3431 subi
449 3380 566 3444 digerrq.
583 3380 610 3430 P
677 3382 708 3431 15
728 3378 844 3434 ΚΑΛΟΝ
864 3381 890 3429 Ρ
958 3381 989 3430 16
1006 3378 1101 3431 menes

124 3447 151 3496 P
219 3450 250 3498 18
270 3443 407 3501 ΓΡΑΧΕΙΑ
425 3444 570 3501 ΑΡΓΗΡΙΑ
589 3449 615 3497 Ρ
697 3451 730 3500 23
749 3465 790 3499 rre
809 3466 855 3501 om.
876 3440 908 3497 P'
975 3450 1008 3498 27
1026 3444 1097 3498 ΕΠΙ-

117 3511 281 3570 [amfrida
299 3516 328 3568 P
393 3518 427 3571 29
443 3511 658 3571 ΕΠΙΓΛΟΠΙΔΑ
679 3517 703 3567 Ρ
769 3519 802 3568 31
821 3513 990 3569 ΛΡΓΗΡΙΑΝ
1010 3515 1036 3565 Ρ
