2362 3878
403 154 406 159 ’
457 202 506 268 x1,
523 194 632 247 10-19
962 188 1026 253 285

101 340 1023 523 111111111111111111111111111

58 544 153 628 plene
168 541 333 626 Vergilius
348 562 415 605 non
429 542 611 624 partionem
627 540 728 606 solam
735 590 744 623 ,
763 541 848 606 sicut
861 541 915 607 ille
930 565 1025 641 quem
1036 545 1075 611 15

58 627 266 712 sequebatur,
302 625 358 690 sed
391 627 614 691 educationem
647 646 772 711 quoque
799 627 1024 693 nutricatronis

32 717 222 860 atamqugm
249 711 407 775 belualem
434 714 467 775 et
489 732 636 796 asperam
659 711 856 775 criminatur.
902 712 1025 777 addidit

59 820 146 862 enrm
190 817 286 861 esuo
567 809 571 817 “

100 881 334 965 Hyrcanaeque
357 880 529 945 admorunt
549 881 648 944 ubera
669 880 782 965 tigres,

58 969 210 1051 quoniam
237 965 387 1029 uidelicet
414 966 450 1029 in
471 965 613 1030 moribus
634 964 848 1030 inolescendis
869 987 1024 1051 magnam

57 1053 125 1115 fere
146 1054 273 1135 partem
294 1050 430 1114 nutricis
450 1050 619 1135 ingenium
634 1054 667 1115 et
682 1053 799 1115 natura
813 1051 907 1115 laetis
921 1054 1022 1135 tenet,

20 1157 45 1195 10
58 1158 139 1220 quae
161 1135 270 1199 infusa
291 1137 403 1199 tenero
425 1138 459 1200 et
480 1135 581 1199 mixta
603 1138 775 1220 parentum
789 1136 906 1200 semini
920 1136 1024 1201 adhuc

56 1222 180 1285 recenti
211 1241 249 1284 ex
276 1221 339 1284 hac
366 1220 497 1305 gemina
525 1221 730 1286 concretione
757 1242 855 1284 unam
882 1221 1024 1285 indolem
1137 1270 1148 1287 ,

58 1305 250 1390 configurat.
288 1305 366 1370 hinc
388 1308 438 1369 est
460 1305 543 1389 quod
565 1305 770 1390 prouidentia
786 1307 922 1370 naturae
938 1306 1023 1370 simi-
1035 1306 1075 1371 16

57 1390 226 1454 litudinem
248 1392 398 1454 natorum
420 1393 516 1539 atrpue
539 1391 746 1475 gignentium
761 1411 800 1454 ex
815 1390 885 1474 ipso
900 1412 1024 1488 quoque

57 1475 222 1539 nutricatu
243 1496 440 1559 praeparans
478 1475 542 1540 ecit
564 1497 636 1540 curn
657 1476 728 1560 ipso
742 1478 839 1559 partu
854 1475 1024 1540 alimoniae

18 1577 43 1617 1⁵
58 1561 184 1643 copiam
198 1560 299 1623 nasci.
337 1582 414 1624 nam
435 1564 605 1645 postquam
627 1582 686 1625 san
736 1560 761 1625 's
782 1560 837 1624 ille
859 1561 968 1644 opifex
989 1561 1024 1625 in

56 1644 370 1793 llttltlllsts
383 1666 496 1814 plu}
521 1645 791 1815 1133ΐὲ11ἓέ
812 1645 1023 1815 ggrugoraggg,

56 1815 196 1878 materni
237 1836 376 1898 superna
418 1814 636 1880 conscendens
672 1815 708 1879 in
743 1816 893 1877 naturam
928 1815 1023 1878 lactis

58 1898 206 1981 albescit,
235 1902 273 1962 ut
299 1921 410 1964 recens
438 1899 526 1963 natis
553 1899 638 1963 idem
667 1900 710 1963 sit
735 1899 819 1962 altor
840 1898 895 1981 qui
916 1898 1024 1963 fuerat

19 2003 46 2043 ao
58 1984 243 2048 fabricator.
282 2006 378 2067 quam
400 1984 441 2047 ob
463 2005 531 2047 rem
553 2005 620 2048 non
641 1983 763 2047 frustra
786 1982 941 2046 creditum
963 1986 1022 2066 est,
1035 1984 1073 2050 11

57 2069 140 2132 sieut
161 2069 269 2133 ualeat
292 2068 332 2131 ad
353 2068 524 2153 fingendas
548 2068 689 2151 corporis
712 2070 808 2151 atque
823 2066 922 2130 animi
938 2067 1022 2131 simi-

55 2153 208 2218 litudines
236 2154 286 2216 uis
314 2156 346 2217 et
367 2157 485 2216 natura
507 2152 653 2235 seminis,
684 2173 751 2216 non
773 2171 864 2215 secus
887 2151 927 2215 ad
949 2173 1023 2216 ean·

57 2239 129 2302 dem
142 2260 211 2301 rem
230 2238 324 2302 lactis
340 2258 465 2322 quoque
479 2237 613 2322 ingenia
628 2241 661 2301 et
674 2235 888 2321 proprietates
903 2235 1021 2301 ualere.

55 2345 160 2406 neque
182 2325 217 2387 in
239 2322 424 2387 hominibus
446 2322 480 2386 id
502 2321 605 2387 solum
627 2321 682 2387 sed
703 2322 739 2385 in
756 2320 932 2404 pecudibus
948 2322 1073 2406 quo-18

17 2427 43 2466 aa
56 2429 117 2493 que
146 2408 414 2472 animaduersum.
459 2429 537 2471 nam
564 2407 592 2471 si
613 2407 722 2471 ouium
743 2406 828 2470 lacte
849 2404 946 2470 haedi
968 2409 1024 2469 aut

58 2514 226 2576 caprarum
255 2495 333 2578 agni
359 2492 499 2557 forsitan
528 2491 671 2575 alantur,
704 2493 834 2556 constat
859 2490 960 2555 ferme
988 2491 1024 2554 in

56 2576 107 2638 his
128 2575 238 2639 lanam
259 2578 429 2661 duriorem,
452 2577 575 2642 inillis
598 2576 750 2662 capillum
772 2575 806 2660 gi
854 2575 865 2639 i
886 2576 1023 2640 tenerio-

57 2680 135 2722 rem.
180 2659 216 2723 in
243 2662 409 2727 arboribus
435 2662 533 2727 ctiam
556 2665 589 2726 et
609 2661 757 2746 frugibus
780 2683 799 2724 a
843 2682 954 2726 earum
975 2662 1022 2725 in·
1035 2661 1074 2727 19

58 2742 162 2806 dolenr
190 2744 243 2807 uel
270 2746 510 2810 detrectandam
538 2748 591 2812 uel
619 2746 802 2832 augendam
827 2745 930 2809 maior
956 2745 1023 2830 ple·
1049 2782 1052 2787 ·

18 2849 44 2888 eo
57 2847 190 2910 rumque
212 2827 261 2890 uis
284 2832 317 2892 et
337 2833 480 2912 potestas
503 2833 553 2895 est
575 2853 730 2916 aquarum
752 2832 848 2914 atque
865 2833 1024 2895 terrarum

57 2932 138 2996 quae
172 2911 264 2975 alunt
317 2935 391 2977 uam
421 2915 521 2997 ipsius
548 2917 631 3000 quod
657 2916 775 2980 iacitur
802 2915 949 3000 seminis,
985 2937 1023 2980 ac

57 3018 152 3080 saepe
174 2996 284 3060 uideas
295 2935 424 3062 laetam
445 2999 665 3084 nitentemque
687 3000 849 3084 arborem,
873 3000 957 3064 siin
979 3000 1023 3064 lo·

57 3104 130 3147 cum
166 3081 304 3146 alterum
339 3081 569 3167 transferatur,
609 3106 685 3150 suco
717 3088 824 3149 terrae
857 3084 1023 3149 deterioris

124 3272 191 3322 111.
209 3270 237 3322 Π
255 3275 288 3323 33

58 3373 258 3384 ι--.-.---

125 3438 353 3494 ΙΝΗΕΕΛΕΕΡ
412 3438 525 3493 (ΟΥΡ
591 3438 769 3495 aesone?
817 3437 974 3493 ΤΑΛΛΕΕΛ
992 3433 1024 3490 P‘

58 3506 229 3575 dhrrcaneq.
248 3511 274 3560 P
340 3513 372 3562 25
391 3509 435 3578 adr
452 3510 478 3560 P
544 3511 577 3561 27
594 3509 650 3561 illis
668 3510 839 3576 Cantabria·-
856 3508 944 3559 nur
