2362 3878
380 197 580 271 xv,14-19.
602 204 680 271 xvr,
698 198 774 249 1-4
997 191 1058 257 537

93 359 256 456 offensam.
284 379 345 423 nec
372 361 405 422 te
427 360 555 455 moueat
576 356 660 441 quod
682 377 777 442 saepe
808 358 841 422 in
871 357 1059 445 longissimo

92 446 232 529 positum
259 446 401 507 montem
428 442 572 507 uidemus
600 444 657 506 aut
685 442 768 526 quod
795 442 867 526 ipsa
902 444 982 508 caeli
1010 466 1059 510 su-

92 549 196 626 perna
222 528 410 625 suspicimus
417 577 426 612 ,
458 526 550 624 ⁴aliud
586 530 635 592 est
668 527 755 591 enim
794 548 865 592 cum
893 549 927 592 se
960 529 1059 627 oculis

92 616 214 762 npgerpt
241 611 514 761 qllptudpffithlrud
539 632 611 676 cum
632 610 845 760 perlplahnum
867 618 1061 760 sqporngrt

67 716 244 847 tratti?
266 719 367 878 aa
401 717 745 878 statatum
775 717 1060 866 latratum

94 867 235 952 cingitur
258 867 345 931 drcta
366 865 540 930 sufficiant.

167 985 354 1050 Tractatum
377 984 416 1049 ad
439 976 605 1070 sequentia
626 984 858 1050 transferamus
880 1007 924 1050 ex
946 1005 1019 1070 quo
1033 982 1112 1049 XVI

93 1070 191 1135 mihi
213 1070 344 1135 omnia
373 1069 666 1154 contemplanti
693 1068 906 1154 praeclara
929 1072 1062 1135 cetera

55 1159 132 1220 10et
158 1153 364 1220 mirabilia
391 1153 643 1219 uidebantur.
690 1157 808 1218 erant
835 1157 963 1220 autam
990 1153 1061 1219 hae

93 1241 240 1306 stellae
267 1261 364 1325 quas
392 1260 601 1324 numquam
623 1260 667 1304 ex
689 1237 762 1305 hoc
783 1239 870 1304 looo
891 1239 1061 1304 uidimus
1171 1248 1175 1253 '

94 1329 131 1390 et
152 1324 223 1389 hae
238 1324 541 1409 magnitudines
557 1324 725 1389 omnium
740 1345 835 1408 quas
851 1345 936 1389 esse
951 1345 1062 1388 num·

94 1431 207 1492 quam
240 1408 439 1492 suspicati
472 1430 620 1494 sumus,
655 1431 699 1475 ex
733 1409 875 1494 quibus
905 1412 992 1473 erat
1018 1429 1062 1473 ea

93 1493 272 1576 minima,
296 1514 394 1577 quae
414 1493 558 1558 ultima
580 1515 599 1558 a
627 1493 752 1574 caelo,
781 1493 918 1559 citima
940 1492 1061 1558 terris

53 1580 182 1642 151uce
203 1576 367 1642 lucebat
388 1577 536 1642 aliena:
566 1578 777 1643 stellarum
799 1581 928 1644 antem
949 1577 1062 1663 globi

94 1667 228 1727 terrae
250 1661 572 1746 magnitudinem
593 1661 717 1728 facile
738 1662 969 1728 uincebant.
1018 1661 1098 1726 cli-2
1126 1687 1129 1696 ·

95 1746 196 1812 cendo
211 1767 255 1811 ex
271 1767 344 1831 qno
358 1745 455 1811 mihi
469 1746 603 1811 omnia
619 1747 915 1829 contemplanti
930 1746 963 1809 id
978 1747 1063 1830 quod

95 1853 191 1916 supra
206 1831 388 1896 rettulimus
411 1831 561 1895 adfirmat
579 1832 615 1894 in
637 1831 707 1913 ipso
728 1830 834 1894 lacteo
849 1829 1009 1914 Scipionis
1031 1833 1064 1895 et

94 1919 265 1999 parentum
276 1936 335 1998 per
345 1914 505 1979 somnium
513 1913 688 1998 contigisse
697 1917 900 1978 conuentum.
918 1914 1064 1979 duosunt

56 2018 81 2058 20
95 2003 202 2064 autern
216 1999 390 2083 praecipua
409 2018 490 2082 quas
511 1999 549 2063 in
569 1998 670 2062 stellis
690 2019 724 2063 se
740 1997 932 2062 admiratum
952 1998 1061 2082 refert,

95 2084 274 2169 aliquarum
294 2083 474 2148 nouitatem
496 2085 529 2148 et
550 2082 693 2147 omnium
714 2104 767 2146 ma
815 2081 982 2147 itudincm.
1025 2105 1063 2148 ac

94 2170 183 2253 prius
206 2168 244 2232 de
267 2168 423 2250 nouitate,
451 2170 526 2250 post
552 2167 591 2231 de
612 2167 761 2253 magnitu
784 2168 837 2232 ine
861 2167 1061 2232 disseremus.

94 2254 189 2401 plene
212 2256 244 2318 et
266 2252 358 2317 docte
380 2251 548 2317 adiciendo
576 2273 671 2337 quas
692 2273 903 2336 numquam
926 2273 972 2316 cx
992 2250 1098 2317 hoc3

113 2359 180 2403 oco
202 2337 374 2403 uidimus
402 2356 531 2402 oausam
561 2358 616 2402 cur
639 2358 658 2401 a
679 2337 772 2402 nobis
799 2358 865 2402 non
894 2336 1080 2409 uideantur,

56 2441 82 2481 25
95 2423 246 2488 ostendit.
269 2422 357 2488 locus
381 2422 467 2487 enim
488 2424 618 2487 nostrae
640 2421 849 2487 habitationis
871 2421 918 2486 ita
939 2421 1063 2506 positus

96 2510 192 2572 estut
203 2508 360 2591 quaedam
372 2507 484 2573 stellae
496 2528 534 2572 ex
546 2507 617 2592 ipso
631 2528 807 2591 numquam
818 2506 944 2592 possint
961 2506 1063 2570 uideri

96 2593 170 2674 quia
191 2591 263 2674 ipsa
284 2614 360 2676 pars
383 2592 473 2675 caeli,
495 2592 531 2656 in
553 2595 729 2677 quaesunt,
760 2614 839 2657 num
860 2613 935 2655 uam
957 2593 1063 2675 potest

95 2675 148 2738 hic
170 2674 391 2742 habitantibus
422 2698 588 2762 apparere.
633 2698 708 2762 pars
737 2677 824 2742 enim
839 2613 925 2742 liaeo
947 2674 1100 2761 terrae,4

96 2780 177 2856 quae
206 2759 358 2825 incolitur
386 2760 426 2825 ab
453 2761 614 2826 uniuersis
646 2760 831 2827 hominibus
858 2761 912 2846 qui
939 2782 999 2826 nos
1027 2760 1062 2827 in

58 2862 83 2902 eo
96 2863 199 2908 urcem
222 2844 304 2908 scire
326 2865 510 2992 possumus,
534 2844 575 2908 ad
597 2845 882 2928 septentrionalem
908 2847 1064 2911 uerticem

97 2928 212 3012 surgit,
236 2931 269 2992 et
290 2949 327 3011 sp
353 2928 468 2992 aeralis
491 2929 676 2993 conuexitas
692 2930 867 2995 australem
880 2930 974 2995 nobis
993 2951 1063 2994 uer-

96 3013 192 3077 ticem
215 3012 250 3076 in
271 3011 337 3076 ima
358 3012 527 3098 demergit.
552 3033 624 3077 cum
646 3033 722 3160 erqo
745 3035 871 3098 semper
894 3015 979 3080 circa
1000 3018 1063 3079 ter-

96 3119 167 3162 ram
203 3097 244 3161 ab
277 3098 350 3161 ortu
385 3097 421 3161 in
449 3118 599 3162 occasum
632 3097 712 3164 caei
744 3098 882 3184 sphaera
914 3097 1064 3164 uoluatur

96 3187 208 3247 uertex
240 3181 294 3246 hic
328 3182 397 3266 qui¹
414 3182 650 3266 septentriones
682 3181 782 3247 habet
809 3202 1063 3268 quoquouersum

165 3371 337 3422 lsuffrcrunt
354 3363 386 3421 F
437 3371 470 3420 10
488 3367 542 3422 eui
561 3386 592 3438 eq
609 3370 636 3422 P
689 3374 721 3422 12
738 3369 762 3423 dr
779 3387 830 3423 sae
847 3372 874 3422 P
924 3374 955 3422 17
973 3385 1065 3422 omma

96 3438 166 3488 mrhr
181 3440 207 3489 P
290 3442 323 3491 50
341 3453 395 3490 non
413 3436 550 3503 possumus
567 3439 593 3488 P
660 3437 908 3506 septemtrionalem
926 3431 960 3489 P'
1031 3441 1062 3490 31

96 3509 201 3558 uertice
218 3507 300 3557 nobrs
313 3507 339 3557 P
405 3509 437 3558 33
455 3504 533 3573 spera
551 3507 577 3556 P
