<?xml version="1.0" encoding="UTF-8"?>
<!DOCTYPE html PUBLIC "-//W3C//DTD XHTML 1.0 Transitional//EN"
    "http://www.w3.org/TR/xhtml1/DTD/xhtml1-transitional.dtd">
<html xmlns="http://www.w3.org/1999/xhtml" xml:lang="en" lang="en">
 <head>
  <title>
</title>
<meta http-equiv="Content-Type" content="text/html;charset=utf-8" />
  <meta name='ocr-system' content='tesseract 3.04.00' />
  <meta name='ocr-capabilities' content='ocr_page ocr_carea ocr_par ocr_line ocrx_word'/>
</head>
<body>
  <div class='ocr_page' id='page_1' title='image "./macrobivs00macrgoog_0419.png"; bbox 0 0 2362 3878; ppageno 0'>
   <div class='ocr_carea' id='block_1_1' title="bbox 133 184 701 251">
    <p class='ocr_par' dir='ltr' id='par_1_1' title="bbox 133 184 701 251">
     <span class='ocr_line' id='line_1_1' title="bbox 133 184 701 251; baseline -0.012 0"><span class='ocrx_word' id='word_1_1' title='bbox 133 184 197 251; x_wconf 85' lang='lat'>404</span> <span class='ocrx_word' id='word_1_2' title='bbox 539 199 635 246; x_wconf 81' lang='lat' dir='ltr'>mom</span> <span class='ocrx_word' id='word_1_3' title='bbox 651 199 701 245; x_wconf 87' lang='lat' dir='ltr'>vn</span> 
     </span>
    </p>
   </div>
   <div class='ocr_carea' id='block_1_2' title="bbox 79 351 1167 3232">
    <p class='ocr_par' dir='ltr' id='par_1_2' title="bbox 79 351 1167 3232">
     <span class='ocr_line' id='line_1_2' title="bbox 134 351 1099 434; baseline -0.004 -14"><span class='ocrx_word' id='word_1_4' title='bbox 134 353 274 420; x_wconf 93' lang='lat' dir='ltr'>consul</span> <span class='ocrx_word' id='word_1_5' title='bbox 290 354 428 417; x_wconf 88' lang='lat' dir='ltr'>noster</span> <span class='ocrx_word' id='word_1_6' title='bbox 451 351 579 434; x_wconf 90' lang='lat' dir='ltr'>quiin</span> <span class='ocrx_word' id='word_1_7' title='bbox 603 351 815 416; x_wconf 90' lang='lat' dir='ltr'>consulatu</span> <span class='ocrx_word' id='word_1_8' title='bbox 836 373 904 415; x_wconf 83' lang='lat' dir='ltr'>suo</span> <span class='ocrx_word' id='word_1_9' title='bbox 920 373 1099 416; x_wconf 87' lang='lat' dir='ltr'>sumnum</span> 
     </span>
     <span class='ocr_line' id='line_1_3' title="bbox 132 435 1101 520; baseline -0.001 -18"><span class='ocrx_word' id='word_1_10' title='bbox 132 461 211 504; x_wconf 94' lang='lat' dir='ltr'>non</span> <span class='ocrx_word' id='word_1_11' title='bbox 232 438 339 502; x_wconf 92' lang='lat' dir='ltr'>uidit</span> <span class='ocrx_word' id='word_1_12' title='bbox 362 437 527 519; x_wconf 84' lang='lat' dir='ltr'>eidemque</span> <span class='ocrx_word' id='word_1_13' title='bbox 555 436 763 520; x_wconf 77' lang='lat' dir='ltr'>exprobranti</span> <span class='ocrx_word' id='word_1_14' title='bbox 785 435 847 501; x_wconf 91' lang='lat' dir='ltr'>sibi</span> <span class='ocrx_word' id='word_1_15' title='bbox 867 437 952 519; x_wconf 94' lang='lat' dir='ltr'>quod</span> <span class='ocrx_word' id='word_1_16' title='bbox 973 437 1101 501; x_wconf 90' lang='lat' dir='ltr'>adeum</span> 
     </span>
     <span class='ocr_line' id='line_1_4' title="bbox 133 520 1101 618; baseline -0.002 -30"><span class='ocrx_word' id='word_1_17' title='bbox 133 522 298 588; x_wconf 88' lang='lat' dir='ltr'>consulem</span> <span class='ocrx_word' id='word_1_18' title='bbox 320 543 387 585; x_wconf 93' lang='lat' dir='ltr'>non</span> <span class='ocrx_word' id='word_1_19' title='bbox 408 521 552 618; x_wconf 77' lang='lat' dir='ltr'>uenisset</span> <span class='ocrx_word' id='word_1_20' title='bbox 573 520 781 585; x_wconf 89' lang='lat' dir='ltr'>ueniebam</span> <span class='ocrx_word' id='word_1_21' title='bbox 803 520 909 604; x_wconf 91' lang='lat' dir='ltr'>inquit</span> <span class='ocrx_word' id='word_1_22' title='bbox 937 522 1004 586; x_wconf 89' lang='lat' dir='ltr'>sed</span> <span class='ocrx_word' id='word_1_23' title='bbox 1026 543 1101 586; x_wconf 83' lang='lat' dir='ltr'>nox</span> 
     </span>
     <span class='ocr_line' id='line_1_5' title="bbox 81 605 1126 774; baseline -0.007 -18"><span class='ocrx_word' id='word_1_24' title='bbox 81 694 119 756; x_wconf 86' lang='lat'>11</span> <span class='ocrx_word' id='word_1_25' title='bbox 131 630 187 672; x_wconf 63' lang='lat' dir='ltr'>me</span> <span class='ocrx_word' id='word_1_26' title='bbox 211 605 561 756; x_wconf 61' lang='lat' dir='ltr'>llaneldreethtlalidlsldnt</span> <span class='ocrx_word' id='word_1_27' title='bbox 575 710 656 774; x_wconf 88' lang='lat' dir='ltr'>quae</span> <span class='ocrx_word' id='word_1_28' title='bbox 677 690 749 773; x_wconf 85' lang='lat' dir='ltr'>plus</span> <span class='ocrx_word' id='word_1_29' title='bbox 771 690 977 774; x_wconf 72' lang='lat' dir='ltr'><strong>urbanitatis,</strong></span> <span class='ocrx_word' id='word_1_30' title='bbox 994 692 1126 755; x_wconf 77' lang='lat' dir='ltr'>minuas</span> 
     </span>
     <span class='ocr_line' id='line_1_6' title="bbox 131 775 1167 857; baseline 0.002 -16"><span class='ocrx_word' id='word_1_31' title='bbox 131 775 357 842; x_wconf 75' lang='lat' dir='ltr'><strong>amaritudinis</strong></span> <span class='ocrx_word' id='word_1_32' title='bbox 379 775 518 857; x_wconf 87' lang='lat' dir='ltr'>habent,</span> <span class='ocrx_word' id='word_1_33' title='bbox 541 777 580 838; x_wconf 93' lang='lat' dir='ltr'>ut</span> <span class='ocrx_word' id='word_1_34' title='bbox 601 777 677 839; x_wconf 91' lang='lat' dir='ltr'>sunt</span> <span class='ocrx_word' id='word_1_35' title='bbox 722 775 821 839; x_wconf 87' lang='lat' dir='ltr'>tilla</span> <span class='ocrx_word' id='word_1_36' title='bbox 843 775 881 839; x_wconf 94' lang='lat' dir='ltr'>de</span> <span class='ocrx_word' id='word_1_37' title='bbox 908 797 976 840; x_wconf 95' lang='lat' dir='ltr'>non</span> <span class='ocrx_word' id='word_1_38' title='bbox 1003 775 1100 840; x_wconf 86' lang='lat' dir='ltr'>nullis</span> <span class='ocrx_word' id='word_1_39' title='bbox 1164 837 1167 843; x_wconf 90' lang='lat'><strong>.</strong></span> 
     </span>
     <span class='ocr_line' id='line_1_7' title="bbox 131 859 1101 946; baseline -0.003 -20"><span class='ocrx_word' id='word_1_40' title='bbox 131 862 273 946; x_wconf 89' lang='lat' dir='ltr'>corporis</span> <span class='ocrx_word' id='word_1_41' title='bbox 294 859 384 925; x_wconf 91' lang='lat' dir='ltr'>uitiis</span> <span class='ocrx_word' id='word_1_42' title='bbox 407 861 464 924; x_wconf 90' lang='lat' dir='ltr'>aut</span> <span class='ocrx_word' id='word_1_43' title='bbox 485 881 599 943; x_wconf 87' lang='lat' dir='ltr'>parum</span> <span class='ocrx_word' id='word_1_44' title='bbox 621 861 678 922; x_wconf 86' lang='lat' dir='ltr'>aut</span> <span class='ocrx_word' id='word_1_45' title='bbox 699 859 782 923; x_wconf 90' lang='lat' dir='ltr'><strong>nihil</strong></span> <span class='ocrx_word' id='word_1_46' title='bbox 797 860 969 944; x_wconf 74' lang='lat' dir='ltr'><strong>gignentia</strong></span> <span class='ocrx_word' id='word_1_47' title='bbox 984 860 1101 925; x_wconf 91' lang='lat' dir='ltr'>doloris</span> 
     </span>
     <span class='ocr_line' id='line_1_8' title="bbox 128 943 1098 1028; baseline -0.001 -17"><span class='ocrx_word' id='word_1_48' title='bbox 128 950 167 1011; x_wconf 88' lang='lat' dir='ltr'>ut</span> <span class='ocrx_word' id='word_1_49' title='bbox 193 947 221 1010; x_wconf 89' lang='lat' dir='ltr'>si</span> <span class='ocrx_word' id='word_1_50' title='bbox 248 947 284 1011; x_wconf 93' lang='lat' dir='ltr'>in</span> <span class='ocrx_word' id='word_1_51' title='bbox 312 943 477 1010; x_wconf 85' lang='lat' dir='ltr'>caluitium</span> <span class='ocrx_word' id='word_1_52' title='bbox 506 944 693 1027; x_wconf 83' lang='lat' dir='ltr'>cuiusquam</span> <span class='ocrx_word' id='word_1_53' title='bbox 720 944 807 1008; x_wconf 86' lang='lat' dir='ltr'>dicas</span> <span class='ocrx_word' id='word_1_54' title='bbox 835 944 887 1009; x_wconf 87' lang='lat' dir='ltr'>uel</span> <span class='ocrx_word' id='word_1_55' title='bbox 916 946 952 1009; x_wconf 90' lang='lat' dir='ltr'>in</span> <span class='ocrx_word' id='word_1_56' title='bbox 973 967 1098 1028; x_wconf 80' lang='lat' dir='ltr'><strong>nasum,</strong></span> 
     </span>
     <span class='ocr_line' id='line_1_9' title="bbox 130 1027 1099 1114; baseline -0.001 -18"><span class='ocrx_word' id='word_1_57' title='bbox 130 1053 187 1097; x_wconf 92' lang='lat' dir='ltr'>seu</span> <span class='ocrx_word' id='word_1_58' title='bbox 211 1053 342 1096; x_wconf 65' lang='lat' dir='ltr'>(curnam</span> <span class='ocrx_word' id='word_1_59' title='bbox 357 1030 553 1095; x_wconf 74' lang='lat' dir='ltr'>erectionem</span> <span class='ocrx_word' id='word_1_60' title='bbox 568 1049 624 1092; x_wconf 91' lang='lat' dir='ltr'>seu</span> <span class='ocrx_word' id='word_1_61' title='bbox 639 1027 836 1094; x_wconf 77' lang='lat' dir='ltr'>Socraticam</span> <span class='ocrx_word' id='word_1_62' title='bbox 852 1030 1099 1114; x_wconf 87' lang='lat' dir='ltr'>depressionem.</span> 
     </span>
     <span class='ocr_line' id='line_1_10' title="bbox 129 1112 1139 1199; baseline -0.001 -19"><span class='ocrx_word' id='word_1_63' title='bbox 129 1115 208 1180; x_wconf 87' lang='lat' dir='ltr'>haec</span> <span class='ocrx_word' id='word_1_64' title='bbox 232 1115 318 1180; x_wconf 89' lang='lat' dir='ltr'>enim</span> <span class='ocrx_word' id='word_1_65' title='bbox 340 1117 460 1199; x_wconf 90' lang='lat' dir='ltr'>quanto</span> <span class='ocrx_word' id='word_1_66' title='bbox 483 1112 616 1178; x_wconf 86' lang='lat' dir='ltr'>minoris</span> <span class='ocrx_word' id='word_1_67' title='bbox 638 1113 809 1178; x_wconf 69' lang='lat' dir='ltr'>infortunii</span> <span class='ocrx_word' id='word_1_68' title='bbox 837 1118 913 1179; x_wconf 90' lang='lat' dir='ltr'>sunt</span> <span class='ocrx_word' id='word_1_69' title='bbox 935 1118 1028 1179; x_wconf 87' lang='lat' dir='ltr'>tanto</span> <span class='ocrx_word' id='word_1_70' title='bbox 1056 1116 1099 1180; x_wconf 92' lang='lat' dir='ltr'>le·</span> <span class='ocrx_word' id='word_1_71' title='bbox 1115 1133 1139 1172; x_wconf 87' lang='lat'>10</span> 
     </span>
     <span class='ocr_line' id='line_1_11' title="bbox 80 1197 1099 1283; baseline 0.003 -22"><span class='ocrx_word' id='word_1_72' title='bbox 80 1197 228 1283; x_wconf 61' lang='lat' dir='ltr'>12jui0ris</span> <span class='ocrx_word' id='word_1_73' title='bbox 256 1200 384 1265; x_wconf 89' lang='lat' dir='ltr'>doloris.</span> <span class='ocrx_word' id='word_1_74' title='bbox 436 1200 549 1262; x_wconf 83' lang='lat' dir='ltr'>contra</span> <span class='ocrx_word' id='word_1_75' title='bbox 582 1197 746 1263; x_wconf 88' lang='lat' dir='ltr'>oculorum</span> <span class='ocrx_word' id='word_1_76' title='bbox 781 1199 901 1264; x_wconf 91' lang='lat' dir='ltr'>orbitas</span> <span class='ocrx_word' id='word_1_77' title='bbox 930 1221 996 1264; x_wconf 94' lang='lat' dir='ltr'>non</span> <span class='ocrx_word' id='word_1_78' title='bbox 1030 1202 1099 1264; x_wconf 87' lang='lat' dir='ltr'>sine</span> 
     </span>
     <span class='ocr_line' id='line_1_12' title="bbox 131 1283 1099 1432; baseline -0.001 -83"><span class='ocrx_word' id='word_1_79' title='bbox 131 1285 326 1350; x_wconf 88' lang='lat' dir='ltr'>excitatione</span> <span class='ocrx_word' id='word_1_80' title='bbox 350 1283 573 1364; x_wconf 69' lang='lat' dir='ltr'>commotionis</span> <span class='ocrx_word' id='word_1_81' title='bbox 595 1283 748 1366; x_wconf 86' lang='lat' dir='ltr'>obicitur,</span> <span class='ocrx_word' id='word_1_82' title='bbox 779 1284 898 1432; x_wconf 69' lang='lat' dir='ltr'>quippe</span> <span class='ocrx_word' id='word_1_83' title='bbox 926 1285 1099 1370; x_wconf 86' lang='lat' dir='ltr'>Antigo-</span> 
     </span>
     <span class='ocr_line' id='line_1_13' title="bbox 130 1366 1100 1452; baseline 0.001 -20"><span class='ocrx_word' id='word_1_84' title='bbox 130 1391 201 1432; x_wconf 90' lang='lat' dir='ltr'>nus</span> <span class='ocrx_word' id='word_1_85' title='bbox 224 1391 280 1433; x_wconf 83' lang='lat' dir='ltr'>rex</span> <span class='ocrx_word' id='word_1_86' title='bbox 307 1367 566 1433; x_wconf 84' lang='lat' dir='ltr'>Theocritum</span> <span class='ocrx_word' id='word_1_87' title='bbox 596 1366 749 1452; x_wconf 81' lang='lat' dir='ltr'>Chium,</span> <span class='ocrx_word' id='word_1_88' title='bbox 800 1390 818 1432; x_wconf 90' lang='lat' dir='ltr'>e</span> <span class='ocrx_word' id='word_1_89' title='bbox 846 1391 908 1452; x_wconf 95' lang='lat' dir='ltr'>quo</span> <span class='ocrx_word' id='word_1_90' title='bbox 936 1369 1100 1433; x_wconf 89' lang='lat' dir='ltr'>iurauerat</span> 
     </span>
     <span class='ocr_line' id='line_1_14' title="bbox 130 1452 1138 1622; baseline 0.001 -21"><span class='ocrx_word' id='word_1_91' title='bbox 130 1454 307 1602; x_wconf 62' lang='grc'>11111111</span> <span class='ocrx_word' id='word_1_92' title='bbox 310 1452 721 1602; x_wconf 60' lang='lat' dir='ltr'>³53t5d⁵⁹lut⁰ttt</span> <span class='ocrx_word' id='word_1_93' title='bbox 735 1456 1035 1622; x_wconf 66' lang='lat' dir='ltr'>tttltttttt</span> <span class='ocrx_word' id='word_1_94' title='bbox 1058 1455 1099 1602; x_wconf 72' lang='lat' dir='ltr'>tt</span> <span class='ocrx_word' id='word_1_95' title='bbox 1113 1556 1138 1595; x_wconf 68' lang='grc'>1</span> 
     </span>
     <span class='ocr_line' id='line_1_15' title="bbox 129 1622 1098 1707; baseline -0.001 -20"><span class='ocrx_word' id='word_1_96' title='bbox 129 1622 334 1707; x_wconf 84' lang='lat' dir='ltr'>Antigonum</span> <span class='ocrx_word' id='word_1_97' title='bbox 369 1625 552 1706; x_wconf 84' lang='lat' dir='ltr'>raperetur,</span> <span class='ocrx_word' id='word_1_98' title='bbox 590 1622 769 1687; x_wconf 82' lang='lat' dir='ltr'>solantibus</span> <span class='ocrx_word' id='word_1_99' title='bbox 806 1644 878 1687; x_wconf 89' lang='lat' dir='ltr'>eum</span> <span class='ocrx_word' id='word_1_100' title='bbox 914 1623 1024 1686; x_wconf 89' lang='lat' dir='ltr'>amicis</span> <span class='ocrx_word' id='word_1_101' title='bbox 1061 1645 1098 1686; x_wconf 90' lang='lat' dir='ltr'>ac</span> 
     </span>
     <span class='ocr_line' id='line_1_16' title="bbox 129 1706 1098 1792; baseline 0 -22"><span class='ocrx_word' id='word_1_102' title='bbox 129 1728 219 1790; x_wconf 90' lang='lat' dir='ltr'>spem</span> <span class='ocrx_word' id='word_1_103' title='bbox 241 1707 467 1792; x_wconf 88' lang='lat' dir='ltr'>pollicentibus</span> <span class='ocrx_word' id='word_1_104' title='bbox 489 1708 573 1791; x_wconf 88' lang='lat' dir='ltr'>quod</span> <span class='ocrx_word' id='word_1_105' title='bbox 594 1707 683 1772; x_wconf 93' lang='lat' dir='ltr'>omni</span> <span class='ocrx_word' id='word_1_106' title='bbox 704 1706 797 1772; x_wconf 90' lang='lat' dir='ltr'>modo</span> <span class='ocrx_word' id='word_1_107' title='bbox 825 1706 1028 1771; x_wconf 91' lang='lat' dir='ltr'>clementiam</span> <span class='ocrx_word' id='word_1_108' title='bbox 1050 1728 1098 1770; x_wconf 87' lang='lat' dir='ltr'>re-</span> 
     </span>
     <span class='ocr_line' id='line_1_17' title="bbox 129 1791 1095 1877; baseline -0.002 -21"><span class='ocrx_word' id='word_1_109' title='bbox 129 1791 180 1876; x_wconf 86' lang='lat' dir='ltr'>gis</span> <span class='ocrx_word' id='word_1_110' title='bbox 208 1796 395 1877; x_wconf 82' lang='lat' dir='ltr'>experturus</span> <span class='ocrx_word' id='word_1_111' title='bbox 424 1795 524 1875; x_wconf 87' lang='lat' dir='ltr'>esset,</span> <span class='ocrx_word' id='word_1_112' title='bbox 555 1813 628 1856; x_wconf 92' lang='lat' dir='ltr'>cum</span> <span class='ocrx_word' id='word_1_113' title='bbox 656 1792 695 1856; x_wconf 87' lang='lat' dir='ltr'>ad</span> <span class='ocrx_word' id='word_1_114' title='bbox 724 1791 831 1856; x_wconf 92' lang='lat' dir='ltr'>oculos</span> <span class='ocrx_word' id='word_1_115' title='bbox 853 1791 922 1855; x_wconf 87' lang='lat' dir='ltr'>eius</span> <span class='ocrx_word' id='word_1_116' title='bbox 943 1792 1095 1873; x_wconf 82' lang='lat' dir='ltr'>uenisset,</span> 
     </span>
     <span class='ocr_line' id='line_1_18' title="bbox 128 1875 1098 1962; baseline 0 -22"><span class='ocrx_word' id='word_1_117' title='bbox 128 1877 295 1961; x_wconf 89' lang='lat' dir='ltr'>respondit</span> <span class='ocrx_word' id='word_1_118' title='bbox 310 1899 403 1962; x_wconf 86' lang='lat' dir='ltr'>ergo</span> <span class='ocrx_word' id='word_1_119' title='bbox 418 1876 711 1962; x_wconf 86' lang='lat' dir='ltr'>impossibilem</span> <span class='ocrx_word' id='word_1_120' title='bbox 725 1875 821 1941; x_wconf 91' lang='lat' dir='ltr'>mihi</span> <span class='ocrx_word' id='word_1_121' title='bbox 836 1876 975 1940; x_wconf 92' lang='lat' dir='ltr'>dicitis</span> <span class='ocrx_word' id='word_1_122' title='bbox 992 1897 1098 1960; x_wconf 88' lang='lat' dir='ltr'>spem</span> 
     </span>
     <span class='ocr_line' id='line_1_19' title="bbox 129 1960 1137 2028; baseline -0.005 -3"><span class='ocrx_word' id='word_1_123' title='bbox 129 1962 286 2028; x_wconf 90' lang='lat' dir='ltr'>salutis.</span> <span class='ocrx_word' id='word_1_124' title='bbox 324 1965 393 2026; x_wconf 90' lang='lat' dir='ltr'>erat</span> <span class='ocrx_word' id='word_1_125' title='bbox 416 1965 524 2027; x_wconf 85' lang='lat' dir='ltr'>autem</span> <span class='ocrx_word' id='word_1_126' title='bbox 545 1962 625 2026; x_wconf 87' lang='lat' dir='ltr'>Anti</span> <span class='ocrx_word' id='word_1_127' title='bbox 651 1984 731 2026; x_wconf 89' lang='lat' dir='ltr'>onus</span> <span class='ocrx_word' id='word_1_128' title='bbox 753 1983 818 2026; x_wconf 93' lang='lat' dir='ltr'>uno</span> <span class='ocrx_word' id='word_1_129' title='bbox 841 1960 971 2027; x_wconf 87' lang='lat' dir='ltr'>orbatus</span> <span class='ocrx_word' id='word_1_130' title='bbox 993 1961 1095 2025; x_wconf 92' lang='lat' dir='ltr'>oculo.</span> <span class='ocrx_word' id='word_1_131' title='bbox 1113 1979 1137 2019; x_wconf 76' lang='lat' dir='ltr'>ro</span> 
     </span>
     <span class='ocr_line' id='line_1_20' title="bbox 130 1983 1097 2131; baseline -0.001 -21"><span class='ocrx_word' id='word_1_132' title='bbox 130 2048 228 2111; x_wconf 89' lang='lat' dir='ltr'>etim</span> <span class='ocrx_word' id='word_1_133' title='bbox 252 2050 370 2112; x_wconf 84' lang='lat' dir='ltr'>ortana</span> <span class='ocrx_word' id='word_1_134' title='bbox 392 2048 560 2111; x_wconf 87' lang='lat' dir='ltr'>urbanitas</span> <span class='ocrx_word' id='word_1_135' title='bbox 581 1983 666 2112; x_wconf 69' lang='lat' dir='ltr'>male</span> <span class='ocrx_word' id='word_1_136' title='bbox 689 2048 831 2112; x_wconf 86' lang='lat' dir='ltr'>dicacem</span> <span class='ocrx_word' id='word_1_137' title='bbox 852 2047 924 2112; x_wconf 89' lang='lat' dir='ltr'>luce</span> <span class='ocrx_word' id='word_1_138' title='bbox 946 2046 1097 2131; x_wconf 90' lang='lat' dir='ltr'>priuauit.</span> 
     </span>
     <span class='ocr_line' id='line_1_21' title="bbox 80 2128 1099 2218; baseline 0.003 -27"><span class='ocrx_word' id='word_1_139' title='bbox 80 2128 119 2193; x_wconf 83' lang='lat'>13</span> <span class='ocrx_word' id='word_1_140' title='bbox 247 2154 283 2197; x_wconf 91' lang='lat' dir='ltr'>ec</span> <span class='ocrx_word' id='word_1_141' title='bbox 311 2133 499 2218; x_wconf 88' lang='lat' dir='ltr'>negauerim</span> <span class='ocrx_word' id='word_1_142' title='bbox 531 2131 738 2216; x_wconf 86' lang='lat' dir='ltr'>philosophos</span> <span class='ocrx_word' id='word_1_143' title='bbox 792 2153 895 2216; x_wconf 92' lang='lat' dir='ltr'>uoque</span> <span class='ocrx_word' id='word_1_144' title='bbox 926 2131 1099 2196; x_wconf 87' lang='lat' dir='ltr'>incurrisse</span> 
     </span>
     <span class='ocr_line' id='line_1_22' title="bbox 128 2216 1099 2302; baseline -0.001 -22"><span class='ocrx_word' id='word_1_145' title='bbox 128 2238 196 2281; x_wconf 92' lang='lat' dir='ltr'>non</span> <span class='ocrx_word' id='word_1_146' title='bbox 217 2239 392 2302; x_wconf 89' lang='lat' dir='ltr'>numquam</span> <span class='ocrx_word' id='word_1_147' title='bbox 413 2239 471 2302; x_wconf 87' lang='lat' dir='ltr'>per</span> <span class='ocrx_word' id='word_1_148' title='bbox 492 2216 751 2302; x_wconf 82' lang='lat' dir='ltr'>indignationem</span> <span class='ocrx_word' id='word_1_149' title='bbox 803 2238 840 2281; x_wconf 91' lang='lat' dir='ltr'>oc</span> <span class='ocrx_word' id='word_1_150' title='bbox 868 2238 970 2301; x_wconf 86' lang='lat' dir='ltr'>genus</span> <span class='ocrx_word' id='word_1_151' title='bbox 1000 2238 1099 2281; x_wconf 90' lang='lat' dir='ltr'>scom-</span> 
     </span>
     <span class='ocr_line' id='line_1_23' title="bbox 129 2300 1098 2387; baseline 0 -23"><span class='ocrx_word' id='word_1_152' title='bbox 129 2301 236 2366; x_wconf 88' lang='lat' dir='ltr'>matis.</span> <span class='ocrx_word' id='word_1_153' title='bbox 287 2324 365 2367; x_wconf 90' lang='lat' dir='ltr'>nam</span> <span class='ocrx_word' id='word_1_154' title='bbox 393 2323 465 2366; x_wconf 91' lang='lat' dir='ltr'>cum</span> <span class='ocrx_word' id='word_1_155' title='bbox 492 2301 578 2387; x_wconf 82' lang='lat' dir='ltr'>regis</span> <span class='ocrx_word' id='word_1_156' title='bbox 605 2301 739 2365; x_wconf 92' lang='lat' dir='ltr'>libertus</span> <span class='ocrx_word' id='word_1_157' title='bbox 769 2301 809 2364; x_wconf 91' lang='lat' dir='ltr'>ad</span> <span class='ocrx_word' id='word_1_158' title='bbox 837 2322 939 2365; x_wconf 89' lang='lat' dir='ltr'>nonas</span> <span class='ocrx_word' id='word_1_159' title='bbox 968 2300 1098 2364; x_wconf 89' lang='lat' dir='ltr'>diuitias</span> 
     </span>
     <span class='ocr_line' id='line_1_24' title="bbox 128 2384 1136 2470; baseline -0.006 -22"><span class='ocrx_word' id='word_1_160' title='bbox 128 2408 233 2470; x_wconf 88' lang='lat' dir='ltr'>nuper</span> <span class='ocrx_word' id='word_1_161' title='bbox 255 2388 379 2451; x_wconf 87' lang='lat' dir='ltr'>erectus</span> <span class='ocrx_word' id='word_1_162' title='bbox 401 2385 608 2470; x_wconf 88' lang='lat' dir='ltr'>philosophos</span> <span class='ocrx_word' id='word_1_163' title='bbox 631 2385 672 2448; x_wconf 86' lang='lat' dir='ltr'>ad</span> <span class='ocrx_word' id='word_1_164' title='bbox 694 2384 877 2448; x_wconf 91' lang='lat' dir='ltr'>conuiuium</span> <span class='ocrx_word' id='word_1_165' title='bbox 906 2405 1099 2468; x_wconf 85' lang='lat' dir='ltr'>congregas·</span> <span class='ocrx_word' id='word_1_166' title='bbox 1113 2404 1136 2442; x_wconf 78' lang='lat'>25</span> 
     </span>
     <span class='ocr_line' id='line_1_25' title="bbox 128 2468 1099 2550; baseline -0.001 -16"><span class='ocrx_word' id='word_1_167' title='bbox 128 2472 179 2534; x_wconf 90' lang='lat' dir='ltr'>set</span> <span class='ocrx_word' id='word_1_168' title='bbox 200 2472 233 2534; x_wconf 91' lang='lat' dir='ltr'>et</span> <span class='ocrx_word' id='word_1_169' title='bbox 254 2469 424 2534; x_wconf 87' lang='lat' dir='ltr'>inridendo</span> <span class='ocrx_word' id='word_1_170' title='bbox 447 2490 555 2533; x_wconf 87' lang='lat' dir='ltr'>eorum</span> <span class='ocrx_word' id='word_1_171' title='bbox 582 2468 757 2532; x_wconf 88' lang='lat' dir='ltr'>minutulas</span> <span class='ocrx_word' id='word_1_172' title='bbox 785 2468 988 2550; x_wconf 83' lang='lat' dir='ltr'>quaestiones</span> <span class='ocrx_word' id='word_1_173' title='bbox 1017 2469 1099 2533; x_wconf 90' lang='lat' dir='ltr'>scire</span> 
     </span>
     <span class='ocr_line' id='line_1_26' title="bbox 129 2550 1099 2636; baseline 0 -20"><span class='ocrx_word' id='word_1_174' title='bbox 129 2574 163 2617; x_wconf 91' lang='lat' dir='ltr'>se</span> <span class='ocrx_word' id='word_1_175' title='bbox 185 2552 268 2616; x_wconf 91' lang='lat' dir='ltr'>uelle</span> <span class='ocrx_word' id='word_1_176' title='bbox 291 2554 423 2617; x_wconf 87' lang='lat' dir='ltr'>dixisset</span> <span class='ocrx_word' id='word_1_177' title='bbox 445 2574 502 2618; x_wconf 90' lang='lat' dir='ltr'>cur</span> <span class='ocrx_word' id='word_1_178' title='bbox 523 2575 563 2616; x_wconf 89' lang='lat' dir='ltr'>ex</span> <span class='ocrx_word' id='word_1_179' title='bbox 583 2552 681 2636; x_wconf 82' lang='lat' dir='ltr'>nigra</span> <span class='ocrx_word' id='word_1_180' title='bbox 709 2554 741 2615; x_wconf 92' lang='lat' dir='ltr'>et</span> <span class='ocrx_word' id='word_1_181' title='bbox 763 2572 802 2614; x_wconf 88' lang='lat' dir='ltr'>ex</span> <span class='ocrx_word' id='word_1_182' title='bbox 830 2550 904 2615; x_wconf 89' lang='lat' dir='ltr'>alba</span> <span class='ocrx_word' id='word_1_183' title='bbox 925 2552 1002 2616; x_wconf 88' lang='lat' dir='ltr'>faba</span> <span class='ocrx_word' id='word_1_184' title='bbox 1053 2555 1099 2618; x_wconf 91' lang='lat' dir='ltr'>ul·</span> 
     </span>
     <span class='ocr_line' id='line_1_27' title="bbox 129 2577 1098 2722; baseline 0.004 -24"><span class='ocrx_word' id='word_1_185' title='bbox 129 2639 275 2700; x_wconf 91' lang='lat' dir='ltr'>mentum</span> <span class='ocrx_word' id='word_1_186' title='bbox 296 2637 391 2700; x_wconf 91' lang='lat' dir='ltr'>unius</span> <span class='ocrx_word' id='word_1_187' title='bbox 415 2636 529 2701; x_wconf 91' lang='lat' dir='ltr'>coloris</span> <span class='ocrx_word' id='word_1_188' title='bbox 551 2636 674 2718; x_wconf 83' lang='lat' dir='ltr'>edatur,</span> <span class='ocrx_word' id='word_1_189' title='bbox 688 2635 874 2700; x_wconf 86' lang='lat' dir='ltr'>Aridices</span> <span class='ocrx_word' id='word_1_190' title='bbox 890 2577 1098 2722; x_wconf 78' lang='lat' dir='ltr'>philosoplrus</span> 
     </span>
     <span class='ocr_line' id='line_1_28' title="bbox 127 2719 1099 2804; baseline 0.004 -21"><span class='ocrx_word' id='word_1_191' title='bbox 127 2720 263 2804; x_wconf 87' lang='lat' dir='ltr'>indigne</span> <span class='ocrx_word' id='word_1_192' title='bbox 284 2720 392 2784; x_wconf 86' lang='lat' dir='ltr'>ferens</span> <span class='ocrx_word' id='word_1_193' title='bbox 414 2723 457 2784; x_wconf 93' lang='lat' dir='ltr'>tu</span> <span class='ocrx_word' id='word_1_194' title='bbox 484 2719 599 2785; x_wconf 91' lang='lat' dir='ltr'>nobis</span> <span class='ocrx_word' id='word_1_195' title='bbox 621 2719 728 2804; x_wconf 92' lang='lat' dir='ltr'>inquit</span> <span class='ocrx_word' id='word_1_196' title='bbox 754 2720 937 2786; x_wconf 88' lang='lat' dir='ltr'>absoluas</span> <span class='ocrx_word' id='word_1_197' title='bbox 967 2744 1034 2787; x_wconf 94' lang='lat' dir='ltr'>cur</span> <span class='ocrx_word' id='word_1_198' title='bbox 1061 2727 1099 2787; x_wconf 90' lang='lat' dir='ltr'>et</span> 
     </span>
     <span class='ocr_line' id='line_1_29' title="bbox 129 2803 1136 2900; baseline 0 -33"><span class='ocrx_word' id='word_1_199' title='bbox 129 2804 174 2900; x_wconf 79' lang='lat' dir='ltr'>de</span> <span class='ocrx_word' id='word_1_200' title='bbox 196 2803 300 2868; x_wconf 87' lang='lat' dir='ltr'>albis</span> <span class='ocrx_word' id='word_1_201' title='bbox 322 2807 362 2869; x_wconf 91' lang='lat' dir='ltr'>et</span> <span class='ocrx_word' id='word_1_202' title='bbox 384 2804 427 2869; x_wconf 93' lang='lat' dir='ltr'>de</span> <span class='ocrx_word' id='word_1_203' title='bbox 449 2805 581 2891; x_wconf 82' lang='lat' dir='ltr'>nigris</span> <span class='ocrx_word' id='word_1_204' title='bbox 609 2805 707 2870; x_wconf 91' lang='lat' dir='ltr'>loris</span> <span class='ocrx_word' id='word_1_205' title='bbox 737 2805 889 2870; x_wconf 85' lang='lat' dir='ltr'>similes</span> <span class='ocrx_word' id='word_1_206' title='bbox 918 2808 1136 2871; x_wconf 78' lang='lat' dir='ltr'>maculaeao</span> 
     </span>
     <span class='ocr_line' id='line_1_30' title="bbox 79 2892 1098 3070; baseline 0.008 -36"><span class='ocrx_word' id='word_1_207' title='bbox 79 2970 121 3035; x_wconf 89' lang='grc'>14</span> <span class='ocrx_word' id='word_1_208' title='bbox 129 2892 304 3070; x_wconf 54' lang='lat' dir='ltr'>gigqalptt</span> <span class='ocrx_word' id='word_1_209' title='bbox 310 2911 494 3040; x_wconf 69' lang='grc'>111101111111111</span> <span class='ocrx_word' id='word_1_210' title='bbox 521 2997 601 3060; x_wconf 87' lang='lat' dir='ltr'>quae</span> <span class='ocrx_word' id='word_1_211' title='bbox 628 2976 664 3039; x_wconf 95' lang='lat' dir='ltr'>in</span> <span class='ocrx_word' id='word_1_212' title='bbox 689 2975 856 3061; x_wconf 87' lang='lat' dir='ltr'>superficie</span> <span class='ocrx_word' id='word_1_213' title='bbox 878 2975 1001 3042; x_wconf 87' lang='lat' dir='ltr'>habent</span> <span class='ocrx_word' id='word_1_214' title='bbox 1029 2999 1098 3061; x_wconf 90' lang='lat' dir='ltr'>spe-</span> 
     </span>
     <span class='ocr_line' id='line_1_31' title="bbox 129 3059 1098 3146; baseline 0.006 -26"><span class='ocrx_word' id='word_1_215' title='bbox 129 3078 210 3121; x_wconf 77' lang='lat' dir='ltr'>ciem</span> <span class='ocrx_word' id='word_1_216' title='bbox 233 3059 445 3124; x_wconf 90' lang='lat' dir='ltr'>contumeliae</span> <span class='ocrx_word' id='word_1_217' title='bbox 467 3061 524 3125; x_wconf 90' lang='lat' dir='ltr'>sed</span> <span class='ocrx_word' id='word_1_218' title='bbox 544 3060 708 3125; x_wconf 88' lang='lat' dir='ltr'>interdum</span> <span class='ocrx_word' id='word_1_219' title='bbox 728 3083 795 3126; x_wconf 91' lang='lat' dir='ltr'>non</span> <span class='ocrx_word' id='word_1_220' title='bbox 809 3065 953 3146; x_wconf 86' lang='lat' dir='ltr'>tangunt</span> <span class='ocrx_word' id='word_1_221' title='bbox 968 3062 1098 3126; x_wconf 87' lang='lat' dir='ltr'>audien·</span> 
     </span>
     <span class='ocr_line' id='line_1_32' title="bbox 128 3144 1135 3232; baseline 0.004 -26"><span class='ocrx_word' id='word_1_222' title='bbox 128 3146 193 3226; x_wconf 86' lang='lat' dir='ltr'>tes,</span> <span class='ocrx_word' id='word_1_223' title='bbox 219 3164 290 3207; x_wconf 92' lang='lat' dir='ltr'>cum</span> <span class='ocrx_word' id='word_1_224' title='bbox 313 3145 440 3229; x_wconf 86' lang='lat' dir='ltr'>eadem,</span> <span class='ocrx_word' id='word_1_225' title='bbox 465 3145 493 3209; x_wconf 91' lang='lat' dir='ltr'>si</span> <span class='ocrx_word' id='word_1_226' title='bbox 515 3145 652 3211; x_wconf 85' lang='lat' dir='ltr'>obnoxio</span> <span class='ocrx_word' id='word_1_227' title='bbox 675 3144 834 3225; x_wconf 86' lang='lat' dir='ltr'>dicantur,</span> <span class='ocrx_word' id='word_1_228' title='bbox 859 3148 1037 3232; x_wconf 83' lang='lat' dir='ltr'>exagitant,</span> <span class='ocrx_word' id='word_1_229' title='bbox 1061 3151 1098 3210; x_wconf 91' lang='lat' dir='ltr'>ut</span> <span class='ocrx_word' id='word_1_230' title='bbox 1121 3205 1135 3219; x_wconf 79' lang='grc'><strong>,</strong></span> 
     </span>
    </p>
   </div>
   <div class='ocr_carea' id='block_1_3' title="bbox 115 3365 1097 3572">
    <p class='ocr_par' dir='ltr' id='par_1_3' title="bbox 115 3365 1097 3572">
     <span class='ocr_line' id='line_1_33' title="bbox 197 3365 1097 3436; baseline 0.007 -19"><span class='ocrx_word' id='word_1_231' title='bbox 197 3370 259 3418; x_wconf 77' lang='lat' dir='ltr'>tet</span> <span class='ocrx_word' id='word_1_232' title='bbox 277 3365 335 3435; x_wconf 89' lang='lat' dir='ltr'>illa]</span> <span class='ocrx_word' id='word_1_233' title='bbox 360 3368 526 3433; x_wconf 71' lang='lat' dir='ltr'>dnulllaP</span> <span class='ocrx_word' id='word_1_234' title='bbox 592 3370 901 3436; x_wconf 73' lang='lat' dir='ltr'>&#39;Ipaririarasc‘nP</span> <span class='ocrx_word' id='word_1_235' title='bbox 970 3372 1097 3423; x_wconf 74' lang='grc'>131101-</span> 
     </span>
     <span class='ocr_line' id='line_1_34' title="bbox 129 3428 1097 3505; baseline 0.009 -22"><span class='ocrx_word' id='word_1_236' title='bbox 129 3439 201 3485; x_wconf 76' lang='grc'>011111</span> <span class='ocrx_word' id='word_1_237' title='bbox 219 3428 253 3485; x_wconf 87' lang='grc' dir='ltr'>Ρ’</span> <span class='ocrx_word' id='word_1_238' title='bbox 337 3439 370 3488; x_wconf 80' lang='lat'>20</span> <span class='ocrx_word' id='word_1_239' title='bbox 391 3440 521 3505; x_wconf 75' lang='lat' dir='ltr'>praerat</span> <span class='ocrx_word' id='word_1_240' title='bbox 538 3435 793 3505; x_wconf 57' lang='lat' dir='ltr'>exsesequamini</span> <span class='ocrx_word' id='word_1_241' title='bbox 811 3440 926 3490; x_wconf 78' lang='lat' dir='ltr'>econidic</span> <span class='ocrx_word' id='word_1_242' title='bbox 944 3440 982 3489; x_wconf 81' lang='grc'>1111</span> <span class='ocrx_word' id='word_1_243' title='bbox 1000 3447 1028 3490; x_wconf 86' lang='lat' dir='ltr'>ut</span> <span class='ocrx_word' id='word_1_244' title='bbox 1044 3443 1097 3493; x_wconf 83' lang='lat' dir='ltr'>uid.</span> 
     </span>
     <span class='ocr_line' id='line_1_35' title="bbox 115 3503 1096 3572; baseline 0.011 -23"><span class='ocrx_word' id='word_1_245' title='bbox 115 3503 216 3554; x_wconf 74' lang='lat' dir='ltr'>lt&#39;llerz&#39;s</span> <span class='ocrx_word' id='word_1_246' title='bbox 231 3519 284 3572; x_wconf 72' lang='lat' dir='ltr'>rga</span> <span class='ocrx_word' id='word_1_247' title='bbox 303 3511 331 3559; x_wconf 80' lang='lat' dir='ltr'>ln</span> <span class='ocrx_word' id='word_1_248' title='bbox 347 3505 376 3557; x_wconf 85' lang='lat' dir='ltr'><em>P</em></span> <span class='ocrx_word' id='word_1_249' title='bbox 424 3507 458 3558; x_wconf 76' lang='lat'>24</span> <span class='ocrx_word' id='word_1_250' title='bbox 477 3504 512 3558; x_wconf 81' lang='lat' dir='ltr'>ab</span> <span class='ocrx_word' id='word_1_251' title='bbox 531 3504 567 3556; x_wconf 80' lang='lat' dir='ltr'>ad</span> <span class='ocrx_word' id='word_1_252' title='bbox 584 3506 609 3555; x_wconf 92' lang='lat' dir='ltr'><em>P</em></span> <span class='ocrx_word' id='word_1_253' title='bbox 663 3506 697 3557; x_wconf 82' lang='lat'>28</span> <span class='ocrx_word' id='word_1_254' title='bbox 716 3505 781 3557; x_wconf 84' lang='lat' dir='ltr'>edat</span> <span class='ocrx_word' id='word_1_255' title='bbox 799 3508 823 3557; x_wconf 89' lang='grc' dir='ltr'><em>Ρ</em></span> <span class='ocrx_word' id='word_1_256' title='bbox 874 3505 1050 3572; x_wconf 79' lang='lat' dir='ltr'>philosophos</span> <span class='ocrx_word' id='word_1_257' title='bbox 1065 3507 1096 3560; x_wconf 86' lang='lat' dir='ltr'>P‘</span> 
     </span>
    </p>
   </div>
   <div class='ocr_carea' id='block_1_4' title="bbox 0 0 1186 3878">
    <p class='ocr_par' dir='ltr' id='par_1_4' title="bbox 0 0 1186 3878">
     <span class='ocr_line' id='line_1_36' title="bbox 0 0 1186 3878; baseline 0 0"><span class='ocrx_word' id='word_1_258' title='bbox 0 0 1186 3878; x_wconf 95' lang='lat' dir='ltr'> </span> 
     </span>
    </p>
   </div>
  </div>
 </body>
</html>
