2362 3878
502 189 545 254 11,
570 182 680 234 11—18
1009 175 1074 240 579

103 341 211 404 inter
233 338 373 423 duplos
397 342 436 404 et
456 339 604 424 triplos
626 360 807 405 numeros
829 340 999 407 hiabant
1020 343 1072 406 in-

104 425 226 489 sertis
240 424 430 508 partibus
446 424 712 508 adimplebat,
736 428 778 489 ut
797 425 917 490 binae
932 427 1071 492 media-

104 513 207 573 tates
231 510 393 658 simpulo
415 509 551 657 spatia
575 507 838 594 colligarent,
863 512 1072 595 exquibus

103 594 281 658 uinculis
331 594 433 658 emio
458 594 486 658 ii
509 596 549 657 et
569 594 732 677 epitriti
753 597 791 658 et
812 594 984 679 epogdoi
1004 619 1072 660 na-

78 679 330 743 aecebantur.
375 679 455 743 haec
481 677 628 742 Platonis
650 679 750 743 uerba
771 679 818 742 ita
841 700 860 743 a
881 701 947 743 non
974 680 1071 745 nullis
1083 679 1124 744 16

104 766 239 846 excepta
261 766 338 827 sunt
359 767 396 826 ut
416 763 555 847 primam
581 766 707 846 partem
729 764 867 827 monada
889 764 1071 849 crederent3

103 847 287 931 secundam,
311 869 409 932 quam
430 847 497 911 dixi
519 847 648 931 duplam
670 848 797 932 prioris,
821 847 948 912 dualem
962 871 1072 914 nume-

103 953 174 996 rum
197 954 266 996 esse
290 932 504 1016 confiderent3
526 933 657 996 tertiam
683 933 862 997 ternarium
888 955 1068 1017 numerum,

104 1017 159 1100 qui
181 1016 221 1080 ad
244 1017 305 1081 duo
327 1017 495 1081 hemiolius
518 1020 576 1100 est,
601 1017 641 1080 ad
663 1039 763 1082 unum
778 1016 910 1100 triplus3
933 1020 965 1082 et
980 1040 1072 1102 quar-

65 1122 90 1162 1o
103 1104 171 1165 tam
193 1105 360 1186 quattuor,
389 1102 444 1186 qui
473 1100 513 1165 ad
542 1101 717 1167 secundum
738 1101 771 1166 id
794 1102 905 1166 estad
927 1102 989 1166 duo
1017 1102 1074 1166 du-

101 1185 173 1269 plus
202 1190 266 1251 est:
295 1186 442 1272 quintam
470 1186 699 1270 nouenarium,
728 1186 783 1271 qui
811 1185 851 1250 ad
878 1187 1010 1251 tertium
1038 1187 1071 1250 id

103 1273 152 1334 eat
181 1270 222 1333 ad
249 1271 312 1334 tria
345 1271 461 1355 triplus
491 1274 554 1354 est3
583 1274 707 1336 sextam
735 1274 842 1335 autem
869 1271 1071 1335 octonarium

102 1355 157 1438 qui
177 1355 318 1437 primum
345 1356 446 1421 octies
475 1356 634 1439 continet3
663 1359 698 1419 at
724 1377 801 1420 uero
827 1377 903 1439 pars
932 1355 1070 1441 septima

101 1439 136 1501 in
158 1438 278 1522 uiginti
299 1442 332 1503 et
354 1443 476 1538 septem
489 1440 571 1538 fflr
594 1439 840 1539 putrefaciunt,
863 1443 900 1504 ut
922 1440 1070 1538 diximus,

64 1525 619 1692 ²⁵rmt¹¹ataacmoff
641 1546 805 1692 {idida
822 1522 1119 1674 tetidem

101 1694 137 1754 ut
158 1694 232 1774 post
253 1691 433 1775 monadem,
457 1713 538 1776 quae
561 1695 593 1758 et
614 1714 674 1777 par
695 1695 728 1757 et
748 1693 792 1756 im
817 1714 853 1756 ar
868 1695 926 1776 eet,
948 1694 1070 1775 primus

100 1797 161 1859 par
182 1797 334 1840 numerus
355 1780 529 1861 poneretur
549 1776 583 1841 id
605 1780 655 1841 eat
675 1777 752 1859 du03
803 1776 896 1840 einde
924 1797 1070 1860 sequere-

101 1864 154 1922 tur
175 1861 297 1942 primus
319 1860 423 1944 impar
444 1861 478 1924 id
500 1864 550 1924 est
569 1861 648 1924 tria·
677 1863 791 1944 quarto
818 1859 889 1924 loco
912 1860 1070 1926 secundus

63 1965 160 2026 repar
181 1944 215 2007 id
237 1947 286 2008 eat
307 1947 473 2028 quattuor3
502 1944 615 2029 quinto
641 1909 712 2008 ioco
733 1943 890 2008 secundus
911 1944 1016 2028 impar
1037 1945 1071 2009 id

101 2032 151 2093 est
171 2034 304 2112 noue'm3
333 2032 423 2093 sexto
445 2028 515 2093 loco
537 2027 650 2093 tertius
672 2050 732 2112 par
753 2028 787 2092 id
810 2031 859 2093 ast
881 2032 970 2112 oct03
998 2050 1070 2114 aep-

100 2114 181 2178 timo
207 2112 278 2177 loeo
311 2113 425 2177 tertius
456 2113 563 2198 impar
588 2113 622 2177 id
650 2115 699 2178 est
726 2113 846 2198 uiginti
873 2116 907 2177 et
933 2116 1068 2198 septem,

102 2202 137 2262 ut
158 2198 233 2283 quia
253 2197 358 2282 impar
379 2219 531 2262 numerus
552 2218 622 2262 mas
642 2197 781 2262 habetur
802 2200 836 2261 et
855 2218 915 2281 par
934 2197 1067 2282 femina,

101 2304 140 2347 ex
168 2283 239 2367 pari
271 2285 304 2347 et
331 2283 448 2368 impari
482 2282 516 2347 id
545 2286 594 2346 est
621 2303 660 2346 ex
687 2303 776 2346 mare
804 2285 837 2346 et
865 2281 988 2347 femina
1013 2303 1070 2347 ne-

62 2389 88 2431 ca
101 2371 241 2432 sacretur
246 2416 256 2452 ,
278 2388 361 2452 quae
376 2371 446 2432 erat
460 2368 612 2432 uniuersa
632 2367 777 2451 paritura
799 2369 832 2431 et
848 2366 888 2430 ad
902 2367 1068 2450 utriusque

102 2450 296 2517 soliditatem
329 2474 366 2517 ua
389 2473 428 2517 ue
462 2452 649 2537 procederet
683 2451 776 2536 quasi
805 2450 941 2515 solidum
974 2471 1069 2515 omne

100 2539 318 2619 penetratura.
364 2475 479 2602 deinde
506 2558 544 2602 ex
572 2536 623 2602 his
650 2536 792 2601 numeris
813 2535 922 2600 fuerat
944 2555 1069 2619 compo·
1080 2534 1120 2600 18

101 2619 223 2703 nenda,
256 2623 309 2705 qui
338 2622 397 2687 soli
426 2622 594 2686 continent
620 2621 796 2719 iugabilem
819 2620 1068 2704 competentiam,

101 2703 176 2787 quia
203 2706 290 2768 omni
316 2707 436 2771 mundo
463 2709 535 2791 ipsa
563 2710 633 2771 erat
659 2705 835 2791 lugabilem
864 2707 1070 2788 praestatura

62 2813 88 2854 ao
103 2787 315 2854 concordiam.
360 2813 437 2855 nam
459 2791 521 2856 duo
544 2791 585 2854 ad
607 2813 707 2855 unum
729 2790 827 2875 dupla
849 2791 936 2872 aunt,
959 2790 998 2853 de
1013 2790 1069 2853 du·

101 2871 155 2957 plo
177 2874 286 2936 autem
307 2872 363 2938 διὰ
385 2879 504 2940 πασῶν
532 2873 757 2960 symphoniam
783 2873 875 2939 nasci
901 2873 967 2938 iam
990 2874 1069 2938 dixi-

100 2979 188 3041 mus,
210 2956 276 3020 tria
296 2978 372 3023 uero
395 2960 435 3023 ad
457 2960 519 3024 duo
540 2959 726 3044 hemiolium
748 2979 917 3023 numerum
930 2957 1068 3043 faciunt,

169 3213 319 3264 lhiabant
347 3213 490 3264 habebant
507 3214 533 3264 B
601 3217 752 3282 depytntr
770 3215 796 3264 B
864 3214 1023 3278 tquartum
1042 3212 1069 3262 B

101 3284 132 3332 11
152 3286 277 3346 qumtum
327 3280 353 3330 B
433 3281 588 3333 retextum
605 3282 656 3332 PB
724 3285 756 3334 1⁷
774 3280 917 3333 monadem
934 3273 968 3329 1⁷
1035 3282 1070 3359 aq

100 3365 152 3414 par
169 3375 202 3397 .—
220 3351 252 3399 21
272 3348 370 3400 tertml'
384 3364 430 3400 om.
448 3349 474 3398 P
548 3350 582 3399 22
599 3353 629 3400 ot
645 3365 692 3405 om.
710 3342 749 3399 B‘
814 3351 847 3401 23
864 3347 1019 3414 prfemmea
1040 3347 1062 3396 P

100 3417 134 3468 28
153 3420 337 3482 competentia
353 3417 379 3467 P
446 3419 478 3469 31
498 3415 650 3482 simphonia
667 3417 799 3483 diapason
816 3415 843 3466 B
894 3413 1027 3481 drapal'on
1045 3414 1071 3463 P

134 3501 254 3537 ramam.
273 3478 308 3535 B'

850 3564 924 3627 ‘W‘
