2362 3878
483 214 565 279 xm,
590 208 682 258 7-10
1023 199 1065 264 69

48 368 60 444 'J
132 367 169 430 scd
187 369 319 433 nondum
347 367 410 431 hoc
444 388 549 432 errore
583 372 745 452 comperto
778 389 835 451 per
862 372 933 433 octo
962 368 1115 434 annos12

52 523 59 531 „
131 453 272 538 nonaginta
294 452 389 538 qnasi
410 452 685 536 supeffundendos
701 451 895 518 Graecorum
918 456 1063 538 exemplo

130 539 326 622 computabant
350 538 419 602 dies
440 537 635 622 alternisque
657 559 759 602 annos
774 537 859 602 binis
875 541 908 601 et
922 540 1063 622 nicanor,

52 638 65 707 jz
128 620 228 688 albinis
248 627 361 688 ternos
383 622 575 707 uicenosque
596 623 827 687 intercalantes
843 623 1065 707 expensabant

48 702 59 732 ²
110 705 397 773 tintcrcalationibus
420 710 580 791 quattuor.
619 708 674 772 sed
696 711 810 772 octauo
832 729 957 792 quoque
980 728 1065 772 anno

48 794 58 815 ·’
87 832 90 837 ,
123 791 304 859 intercalares
332 795 407 857 octo
435 792 612 857 affluebant
640 793 707 857 dies
730 815 769 856 ex
791 793 928 878 singulis
951 793 1065 876 quibus

48 879 57 953 j
123 879 252 943 uertentis
275 878 355 943 anni
377 899 547 942 numerum
570 878 655 962 apud
669 877 833 942 Romanos
856 899 952 960 super
967 877 1064 944 Grae-

48 978 55 985 ·
120 983 174 1027 cum
193 963 371 1028 abundasse
393 963 459 1026 iam
474 962 621 1027 diximus.
655 961 717 1026 hoc
731 983 856 1046 quoque
872 983 978 1027 errore
1000 963 1066 1027 iam
1076 963 1115 1027 13

48 1047 54 1054 '
119 1048 227 1134 cognito
248 1047 330 1113 haec
351 1047 476 1131 species
499 1047 730 1112 emendationis
752 1047 886 1111 inducta
907 1051 965 1112 est.
1002 1051 1065 1111 ter-

48 1142 56 1154 ·“
91 1149 107 1189 1⁰
116 1132 150 1199 tio
177 1155 298 1219 quoque
325 1133 477 1197 octennio
504 1132 550 1196 ita
572 1131 811 1197 intercalandos
834 1131 1065 1216 dispensabant

112 1217 180 1302 dies,
207 1222 331 1283 utnon
353 1218 536 1302 nonaginta
564 1218 619 1281 sed
648 1218 817 1302 sexaginta
845 1239 900 1281 sex
926 1216 1065 1281 interca-

108 1301 201 1368 larent
236 1302 453 1386 compensatis
481 1302 600 1387 uiginti
630 1305 662 1366 et
689 1306 840 1386 quattuor
868 1302 979 1366 diebus
1006 1323 1065 1385 pro

106 1387 234 1473 illisqui
257 1410 316 1473 per
337 1387 473 1452 totidem
495 1409 597 1451 annos
620 1409 717 1471 supra
739 1387 933 1452 Graecorum
955 1408 1065 1451 nume-

104 1495 168 1538 rum
196 1474 377 1538 creuerant.
427 1474 515 1536 omni
542 1476 651 1536 autern
679 1472 918 1537 intercalationi
945 1471 1065 1536 mensis
1076 1473 1116 1536 14

74 1557 290 1623 arebmarius
317 1558 489 1642 deputatus
517 1560 566 1621 est
614 1558 745 1623 uoniam
772 1557 799 1621 is
827 1558 958 1622 ultimus
987 1556 1065 1620 anni

101 1647 182 1728 erat,
217 1642 303 1728 quod
337 1642 436 1707 etiam
462 1643 568 1727 ipsum
593 1581 634 1706 de
663 1642 857 1714 Graecorum
884 1641 1066 1706 imitatione

99 1728 271 1794 faciebant.
317 1749 406 1791 nam
429 1731 467 1791 et
489 1727 555 1791 illi
576 1727 717 1791 ultimo
740 1729 834 1792 anni
858 1728 918 1791 sui
939 1726 1065 1790 mensi

99 1812 328 1899 superfluos
349 1812 651 1877 interserebant
672 1813 770 1895 dies,
787 1816 824 1876 ut
838 1812 938 1876 refert
953 1810 1066 1876 GLAV-

99 1915 218 1965 oirrvs
242 1897 298 1982 qui
319 1914 367 1960 nu
391 1913 510 1963 saonis
533 1898 807 1962 Arnnmansrvn
829 1897 968 1980 scripsit.
1012 1916 1066 1959 ue-

64 2002 86 2042 ro
98 2006 169 2048 rum
188 2003 307 2048 unare
323 2004 342 2046 a
359 1981 489 2047 Graecis
512 1981 712 2046 differebant.
750 2003 827 2044 nam
849 1981 894 2044 illi
920 1980 1066 2044 confecto
1078 1980 1117 2044 15

97 2068 211 2133 ultimo
238 2088 368 2152 mense,
395 2066 534 2131 Romani
557 2089 623 2131 non
647 2066 793 2130 confecto
815 2064 989 2129 Februario
1012 2064 1067 2126 sed

97 2156 170 2237 post
191 2153 383 2218 uicesimum
405 2154 437 2215 et
463 2152 595 2216 tertium
623 2151 691 2214 eius
717 2151 802 2213 diem
828 2147 1067 2212 intercalabant

97 2238 321 2302 terminalibus
350 2236 473 2301 scilicet
500 2238 565 2300 iam
592 2235 743 2321 peractis.
787 2233 901 2298 deinde
928 2232 1066 2316 reliquos

96 2322 265 2387 Februarii
286 2323 407 2386 mensis
429 2322 512 2405 dies,
544 2323 599 2406 qui
622 2324 715 2385 erant
737 2320 893 2405 quinque,
923 2320 997 2402 post
1017 2317 1066 2380 in·

62 2408 343 2473 attercalationem
365 2407 620 2491 subiungebant‚
653 2405 746 2470 credo
769 2408 877 2470 uetere
900 2402 1066 2488 religionis

97 2515 173 2558 suae
195 2513 301 2576 more,
321 2495 362 2556 ‘ut
384 2491 593 2556 Februarium
616 2492 704 2555 omni
725 2490 819 2556 modo
834 2489 970 2554 Martius
994 2510 1067 2552 con-

97 2581 294 2662 sequeretur.
345 2577 401 2640 sed
433 2597 504 2640 curn
532 2597 627 2659 saepe
659 2576 803 2640 eueniret
834 2579 870 2638 ut
902 2574 1067 2638 nundinae
1078 2575 1117 2639 16

97 2663 190 2727 modo
212 2664 248 2726 in
270 2661 352 2726 anni
374 2660 553 2745 principem
576 2661 675 2744 diem,
704 2660 798 2725 modo
826 2661 861 2723 in
882 2658 993 2722 Nonas
1017 2678 1067 2720 ca-

165 2924 180 2970 2
201 2919 331 2985 exemplo
349 2935 395 2969 om.
414 2910 447 2968 P'
526 2921 587 2969 let
606 2917 720 2967 urcenos
735 2919 758 2966 Ρ
825 2914 1032 2966 rnterkalantel
1046 2916 1071 2963 P

100 2986 401 3039 banterkalatronrbus
415 2988 441 3035 P
512 2985 734 3037 truterkalarel
748 2986 773 3034 P
841 2982 1011 3034 'lirertentrs
1025 2999 1038 3026 s
1056 2998 1069 3025 a

100 3055 124 3103 B
175 3059 286 3107 droia
305 3052 622 3120 rotmanosinraainP
675 3051 833 3104 8·habn1sse
852 3054 878 3101 P
929 3055 961 3100 10
979 3064 1068 3114 qoque

100 3116 131 3172 P'
180 3131 333 3175 octoenmo
351 3123 377 3171 P
425 3121 638 3172 mterkalandos
651 3121 702 3171 BP
770 3123 800 3170 11
820 3120 924 3170 LXVII
943 3118 968 3167 B
1039 3119 1069 3166 12

101 3189 315 3257 compensanltrs
329 3197 357 3240 ut
373 3192 425 3243 uid.
440 3182 473 3240 B'
543 3192 574 3239 11
593 3205 685 3240 omnia
703 3197 730 3239 ur
747 3180 841 3238 uiap'
911 3188 942 3237 15
961 3186 1070 3236 febroa-

101 3260 154 3310 nus
168 3253 202 3310 B'
275 3260 310 3309 16
329 3273 455 3323 gecorum
473 3250 506 3307 P'
574 3260 605 3308 19
625 3257 756 3308 scribrtP
823 3253 1071 3305 claranum?

101 3329 130 3377 *22
148 3328 221 3379 drem
241 3325 308 3378 erus
323 3325 368 3390 (P)
428 3325 639 3376 rnterkalabant
657 3325 708 3374 BP
780 3327 812 3375 23
830 3320 1022 3374 terminalrbus
1036 3345 1069 3354 -

101 3395 221 3458 peractis
234 3411 286 3449 om.
307 3394 332 3444 P
415 3396 448 3444 24
466 3394 600 3444 febroarii
618 3385 651 3442 B'
721 3397 781 3443 erat
799 3384 831 3441 B'
909 3389 1070 3439 261111101-

100 3478 164 3514 num
180 3455 246 3515 B‘P
318 3463 352 3512 28
369 3461 448 3511 modo
467 3469 526 3526 post
543 3461 683 3512 nundrnae
702 3453 791 3514 om.P'
841 3457 922 3511 modo
940 3472 973 3507 in
986 3451 1077 3504 nonai

101 3525 188 3583 oraP'
262 3529 412 3579 caederent
426 3529 456 3577 B
