2362 3878
494 200 531 247 v1
538 233 547 266 ‚
564 193 673 246 27-35
997 183 1058 249 491

94 357 181 440 ipsa
202 353 528 418 differentiarum
545 351 793 436 aequalitate
810 353 1059 418 consocians.

95 462 172 505 nam
195 443 350 524 quantum
371 439 508 503 interest
534 438 621 501 inter
643 458 662 500 a
685 458 759 501 uam
781 440 814 501 et
836 458 941 502 aerem
964 459 1060 503 causa
1070 439 1111 504 32

96 525 265 589 densitatis
293 526 326 588 et
352 522 519 607 ponderiS,
549 458 743 586 tantoniam
774 521 860 586 inter
892 543 998 586 aerem
1029 527 1061 588 et

94 610 205 692 ignem
228 612 293 691 est,
318 612 351 672 et
372 628 481 672 rursus
504 607 588 692 quod
615 606 752 672 interest
781 607 867 672 inter
895 627 1001 672 aerem
1029 611 1061 672 et

70 713 211 778 eaquam
234 715 329 758 eausa
351 693 493 758 leuitatis
515 695 548 756 et
569 692 713 757 raritatis
734 691 797 756 hoo
817 693 954 756 interest
976 692 1061 755 inter

96 801 211 863 aquam
240 781 272 842 et
295 780 425 860 terram,
454 777 533 842 item
555 778 639 861 quod
666 777 802 842 interest
828 776 915 841 inter
941 779 1061 841 terram

95 868 129 927 et
151 885 267 948 aquam
289 885 386 928 causa
407 862 577 927 densitatis
606 865 639 926 et
659 861 809 961 ponderis
837 861 899 927 hoc
926 861 1062 926 interest

95 949 181 1013 inter
203 969 320 1032 aquam
342 951 375 1012 et
397 970 503 1012 aerem
518 950 551 1012 et
565 947 649 1032 quod
664 950 750 1012 mter
765 968 880 1032 aquam
896 949 929 1011 et
944 968 1060 1029 aerem,

95 1033 156 1097 hoc
177 1034 264 1097 inter
286 1054 392 1098 aerem
419 1036 453 1097 et
473 1033 600 1117 ignem,
630 1034 663 1097 et
686 1034 798 1097 contra
820 1032 904 1116 quod
927 1031 1062 1096 interest

58 1136 82 1175 ιο
95 1119 180 1182 inter
208 1119 317 1203 ignem
346 1122 378 1183 et
405 1139 511 1182 aerem
538 1117 707 1183 tenuitatis
734 1116 939 1202 lenitatisque
968 1137 1062 1181 causa

94 1202 156 1267 hoc
191 1203 277 1267 inter
305 1224 411 1268 aerem
440 1206 473 1268 et
506 1224 623 1287 aquam
650 1205 699 1267 est
726 1206 759 1267 et
785 1202 869 1286 quod
901 1204 951 1266 est
977 1201 1063 1267 inter

95 1309 201 1351 aerem
235 1293 267 1352 et
300 1308 416 1372 aquam
447 1287 508 1353 hoc
536 1288 622 1353 inter
649 1308 766 1372 aquam
797 1286 998 1372 intellegitur
1030 1289 1064 1350 et

94 1377 224 1437 terram.
268 1393 329 1437 nec
350 1374 453 1438 solum
476 1373 538 1437 sibi
559 1373 668 1438 uicina
690 1376 723 1436 et
746 1371 951 1438 cohaerentia
979 1371 1113 1437 eom-33

95 1460 252 1540 parantur
274 1456 330 1520 sed
352 1458 462 1523 eadem
483 1457 617 1523 alternis
644 1458 779 1524 saltibus
808 1457 985 1523 custoditur
1011 1477 1063 1521 ae·

57 1541 250 1624 equalitas,
286 1562 363 1606 nam
396 1543 479 1626 quod
507 1546 557 1607 est
582 1546 670 1608 terra
697 1542 736 1607 ad
768 1564 890 1626 aerem,
924 1542 986 1607 hoc
1014 1545 1063 1606 est

95 1648 178 1711 aqua
201 1626 241 1690 ad
262 1626 373 1724 ignem
396 1631 429 1692 et
451 1628 598 1712 quotiens
620 1629 772 1711 uerteris,
795 1628 931 1692 eandem
951 1648 1062 1711 reppe-

94 1711 157 1775 ries
179 1711 353 1797 iugabilem
376 1713 642 1796 competentiam:
670 1714 717 1777 ita
740 1733 779 1776 ex
800 1711 871 1795 ipso
893 1732 955 1795 quo
977 1713 1063 1775 inter

95 1818 128 1860 se
151 1800 228 1861 sunt
249 1797 461 1881 aequabiliter
483 1797 610 1861 diuersa
631 1797 804 1861 sociantur.
827 1795 908 1860 haec
924 1816 960 1858 eo
976 1795 1062 1859 dicta
1072 1795 1114 1859 34

95 1885 172 1944 sunt
199 1885 236 1944 ut
265 1885 377 1964 aperta
410 1883 535 1946 ratione
570 1883 733 1945 constaret
763 1900 867 1965 neque
894 1878 1063 1963 planitiem

58 1982 83 2022 20
97 1965 165 2028 sine
192 1964 294 2028 tribus
323 1987 426 2049 neque
460 1965 654 2030 soliditatem
687 1965 756 2028 sine
784 1967 936 2048 quattuor
969 1985 1063 2048 posse

94 2049 222 2114 uinciri.
272 2071 348 2134 ergo
381 2050 582 2134 septenarius
616 2070 767 2113 numerus
800 2049 963 2134 geminam
996 2049 1063 2112 uim
1165 2056 1168 2061 ’

94 2133 220 2217 optinet
253 2134 419 2199 uinciendi
447 2135 522 2218 quia
555 2134 669 2198 ambae
696 2137 804 2217 partes
833 2133 900 2197 eius
932 2133 1063 2197 uincula

94 2218 199 2302 pruna
228 2219 360 2284 sortitae
383 2222 474 2303 sunt,
503 2219 664 2284 ternarius
693 2241 765 2283 cum
791 2240 857 2282 una
879 2217 1061 2300 medietate,

94 2304 319 2388 quaternarius
343 2326 414 2369 oum
429 2304 561 2369 duabus.
585 2303 664 2369 hinc
685 2303 721 2368 in
743 2303 807 2368 alio
828 2303 899 2368 loco
922 2303 1063 2366 eiusdem

56 2406 80 2446 25
94 2389 209 2454 somnii
226 2389 337 2455 Cicero
352 2390 390 2455 de
406 2389 589 2475 septenario
611 2389 691 2453 dicit
711 2389 775 2473 qui
797 2408 982 2452 numerus
1004 2409 1062 2451 re·

94 2496 177 2538 rum
197 2475 368 2539 omnium
381 2473 466 2539 fere
480 2476 606 2540 nodus
621 2476 691 2538 est.
714 2474 793 2538 item
807 2473 916 2537 omnia
931 2492 1064 2556 corpora
1073 2471 1114 2536 35

95 2562 151 2622 aut
172 2560 401 2625 mathematica
424 2563 499 2625 sunt
526 2559 656 2625 alumna
708 2557 879 2624 cometriae
907 2561 963 2622 aut
984 2556 1064 2621 talia

95 2664 175 2725 quae
190 2644 294 2707 uisum
308 2647 472 2710 tectumue
486 2646 664 2729 patiantur.
718 2665 808 2708 orum
829 2642 938 2728 priora
959 2642 1062 2706 tribus

94 2727 364 2793 incrementorum
393 2730 546 2814 gradibus
575 2731 734 2795 constant.
779 2731 834 2792 aut
862 2728 948 2792 enim
976 2727 1063 2791 linea

57 2833 82 2872 ao
97 2811 210 2874 eicitur
238 2834 277 2876 ex
307 2816 429 2895 puncto
457 2817 513 2877 aut
542 2834 581 2877 ex
608 2814 695 2877 linea
724 2812 906 2896 superficies
940 2815 997 2876 aut
1024 2834 1063 2877 ex

95 2897 231 2979 planitie
254 2896 407 2961 soliditas.
446 2897 547 2962 altera
569 2918 645 2961 uero
669 2918 802 2980 corpora
825 2900 977 2980 quattuor
1002 2897 1064 2960 ele·

163 3103 266 3154 2Nam
286 3106 419 3167 quantum
435 3111 543 3168 praeter
560 3105 584 3154 N
601 3105 629 3154 iu
645 3119 699 3154 ras.
717 3104 745 3152 iu
762 3103 788 3152 B
844 3101 924 3152 causa
945 3095 978 3151 B'
1048 3105 1063 3154 3

95 3170 216 3221 tanddde
234 3171 259 3220 B
342 3174 373 3222 13
393 3170 515 3236 &parant
532 3171 558 3222 B
628 3173 660 3222 16
677 3170 783 3221 ueteris
795 3163 828 3220 P'
895 3169 1020 3235 reperies
1033 3162 1065 3219 P‘

97 3241 128 3289 17
147 3240 286 3304 dpetentrd
304 3239 330 3288 B
399 3239 431 3288 18
450 3238 606 3305 aequaliter
623 3237 673 3289 PB
742 3240 773 3291 19
794 3237 875 3289 iltret
893 3238 919 3287 B
975 3238 1064 3303 pleni-

95 3310 134 3355 tre
152 3306 178 3355 B
247 3310 280 3359 20
298 3311 414 3390 quatuor
432 3307 458 3356 P
523 3309 555 3357 21
574 3305 710 3371 septenus
724 3297 757 3356 P'
807 3308 840 3357 23
858 3305 1022 3380 temnamus
1030 3296 1065 3354 B'

96 3375 129 3423 25
148 3373 266 3439 septeno
285 3376 309 3425 P
383 3366 740 3426 281ntactdueatuid.P‘
791 3372 971 3440 patiunturB
1031 3375 1063 3424 29

97 3441 202 3492 constat
225 3434 259 3492 B'
345 3445 378 3496 30
400 3446 537 3494 cremetur
560 3435 594 3492 B'
661 3444 693 3493 31
712 3449 782 3508 etp.
801 3444 866 3503 492,
886 3441 902 3491 5
921 3448 945 3491 et
963 3441 979 3490 6
998 3455 1064 3505 qua·

96 3513 158 3559 tuor
175 3510 201 3559 P
