2362 3878
491 199 532 263 11,
557 192 677 243 21-29
998 181 1061 248 363

134 352 216 416 Turn
229 354 323 436 pater
337 351 555 435 omnipotens,
577 372 683 415 rerum
699 351 750 415 cui
765 372 889 416 summa
904 354 1058 436 potestas,
1069 354 1111 420 26

134 437 222 500 infit:
246 457 282 500 eo
305 437 432 501 dicente
455 435 549 500 deum
571 435 682 500 domus
706 436 772 500 alta
795 436 915 500 silescit

135 525 166 585 et
187 521 378 586 tremefacta
400 521 466 585 solo
487 520 600 603 tellus,
624 520 698 585 silet
720 521 837 586 arduus
859 520 980 586 aether.

132 609 202 670 turn
216 607 306 671 uenti
321 628 471 691 posuere,
495 605 613 690 premit
633 605 761 690 placida
776 626 914 690 aequora
927 610 1056 690 pontus.

65 690 218 756 5Ennius
241 693 277 756 in
300 691 449 776 Scipione

293 776 430 840 mundus
453 775 535 841 caeli
556 779 666 840 uastus
690 775 837 840 constitit
859 775 987 840 silentio

134 864 166 924 et
187 861 359 945 Neptunus
381 881 496 925 saeuus
518 861 613 925 undis
635 861 758 945 asperis
780 882 915 944 pausam
937 859 1035 924 dedit.

135 945 188 1011 sol
211 947 299 1031 equis
322 947 384 1010 iter
406 945 560 1030 repressit
582 945 712 1031 ungulis
733 946 934 1028 uolantibus,

133 1032 305 1095 constitere
328 1053 438 1096 amnes
455 1052 629 1116 perennes,
654 1031 783 1094 arbores
805 1032 904 1095 uento
926 1032 1056 1095 uacant.

52 1218 76 1255 10
132 1200 202 1264 Itur
223 1201 258 1264 in
281 1200 447 1285 antiquam
469 1201 585 1265 siluam
607 1199 734 1264 stabula
756 1199 823 1264 alta
845 1199 996 1264 ferarum.
1065 1202 1106 1266 27

131 1286 345 1368 procumbunt
367 1286 495 1369 piceae,
519 1289 614 1350 sonat
636 1284 701 1349 icta
723 1284 887 1349 securibus
910 1285 973 1349 ilex

131 1370 358 1453 fraxineaeque
380 1370 502 1454 trabeS,
528 1369 636 1435 cuneis
659 1373 692 1434 et
712 1370 810 1434 fissile
832 1369 929 1434 robur

132 1454 288 1518 scinditur
310 1453 486 1519 aduoluunt
506 1455 657 1540 ingentes
679 1455 842 1519 montibus
864 1476 969 1519 ornos.

89 1539 214 1604 Ennius
236 1540 271 1602 in
294 1541 383 1603 sexto

51 1639 75 1679 15
130 1624 285 1688 incedunt
307 1625 439 1688 arbusta
460 1646 518 1709 per
540 1625 620 1704 alta,
644 1625 806 1696 securibus
830 1624 982 1708 caedunt,

129 1707 310 1792 percellunt
331 1731 466 1794 magnas
489 1730 639 1793 queram,
664 1709 820 1774 exciditur
841 1708 921 1792 ilex,

129 1794 278 1858 fraxinus
300 1793 467 1877 frangitur
489 1796 585 1876 atque
608 1793 695 1857 abies
719 1793 935 1857 consternitur
958 1794 1039 1876 alta,

129 1879 225 1961 pinus
247 1899 397 1961 proceras
419 1880 625 1961 perucrtunt,
648 1897 742 1940 omne
764 1877 902 1940 sonabat

133 1962 298 2025 arbustum
319 1962 451 2024 fremitu
473 1961 568 2024 siluai
590 1960 764 2024 frondosai.

49 2064 74 2101 20
130 2046 248 2109 diuersi
270 2066 389 2128 magno
412 2066 469 2108 ceu
492 2044 654 2129 quondam
674 2043 805 2109 turbine
826 2044 916 2109 uenti
1063 2045 1105 2111 28

131 2130 312 2226 confligunt
332 2128 551 2213 Zephyrusque
573 2131 731 2212 notusque
754 2130 786 2193 et
807 2129 912 2193 laetus
934 2128 1011 2193 Eois

130 2236 223 2279 eurus
241 2235 341 2298 equ1s.

86 2300 211 2364 Ennius
233 2300 268 2364 in
291 2298 427 2383 septimo
451 2298 573 2363 decimo

129 2387 324 2450 concurrunt
345 2384 446 2448 ueluti
468 2384 558 2447 uenti
581 2404 653 2448 cum
676 2381 807 2466 spiritus
830 2383 931 2446 austri

48 2487 73 2524 25
128 2470 306 2534 imbricitor
327 2468 496 2553 aquiloque
518 2489 575 2532 suo
599 2489 671 2533 cum
692 2467 822 2532 flamine
846 2470 958 2532 contra

128 2555 206 2618 indu
227 2555 308 2618 mari
329 2575 449 2639 magne
471 2553 586 2618 fluctus
609 2551 760 2617 extollere
784 2555 918 2617 certant.

129 2720 198 2785 Nec
220 2726 328 2786 tamen
350 2723 431 2788 haec
453 2745 525 2789 curn
547 2722 614 2787 sint
640 2721 868 2806 hominumque
896 2723 1053 2806 boumque
1062 2723 1105 2787 29

129 2889 286 2953 uersando
308 2893 428 2954 terram
450 2891 589 2974 experti,
613 2890 695 2954 nihil
717 2889 881 2976 improbus
899 2806 1024 2957 iiiiii?

155 3077 256 3128 lAen.
276 3078 299 3127 X
320 3080 368 3129 100
420 3078 510 3129 esxt.
531 3080 562 3130 10
579 3076 661 3127 Vahl.
720 3080 837 3133 10Aen.
856 3080 895 3131 VI
913 3082 961 3131 179
1020 3081 1052 3131 15

88 3149 135 3197 193
153 3145 233 3199 Vahl.
302 3148 337 3196 24
352 3147 404 3196 423
423 3146 503 3200 Vahl.
571 3148 605 3197 27
622 3145 723 3212 Georg.
741 3147 756 3196 I
774 3148 823 3198 118

156 3334 187 3381 rr
207 3332 314 3382 -vr-r>
382 3330 578 3399 replebor?
621 3309 796 3400 Putrtunrr
860 3334 892 3384 21
912 3332 1051 3397 *saepu-

86 3432 155 3512 rufq.
175 3399 279 3550 notbflp.
298 3435 325 3484 P
390 3433 589 3487 23·XV11·P
673 3435 706 3485 26
729 3434 793 3485 rude
811 3435 837 3484 P
921 3433 1053 3484 aranfer

84 3517 111 3549 m
128 3514 182 3554 ras.
200 3517 227 3550 m
