2362 3878
144 183 206 250 506
562 195 659 242 sisar
681 197 694 243 1

144 356 218 438 post
239 350 362 416 obitum
384 349 543 433 speranda
565 348 715 413 subiecit:
744 350 858 433 quibus
881 351 959 413 adeo
982 371 1001 414 a
1023 355 1116 418 metu

144 436 303 522 praedicti
328 434 479 500 interitus
509 433 662 518 cogitatio
690 434 830 499 uiuentis
861 438 971 518 erepta
1000 438 1051 499 est
1078 443 1116 500 ut

145 522 186 586 ad
208 519 365 585 moriendi
392 518 583 584 desiderium
610 517 694 582 ultro
716 519 915 584 animaretur
940 520 1115 585 maiestate

167 605 319 670 romissae
346 603 556 668 beatitudinis
585 606 618 667 et
646 603 793 668 caelestis
820 603 1009 669 habitaculi.
1058 607 1115 670 sed

144 629 183 755 de
205 691 360 787 beatitate
397 709 477 773 quae
510 688 644 752 debetur
677 689 952 753 conseruatoribus
985 691 1140 773 patriaes

108 862 129 926 3
144 774 417 926 hidiraadhtdrlddih
428 773 974 940 {pergiirguppspgpoffiplplnlrsorppleagr
982 796 1115 924 'failldrll

144 947 281 1010 uirtutes
313 945 460 1027 beatum,
494 942 644 1026 nullaque
671 942 734 1007 alia
767 943 935 1027 quisquam
967 943 1022 1007 uia
1052 945 1115 1009 hoc

144 1051 262 1095 nomen
285 1029 482 1112 adipiscitur.
527 1028 611 1091 unde
639 1028 693 1111 qui
720 1028 894 1093 aestimant
921 1027 1019 1092 nullis
1049 1029 1114 1093 nisi

143 1113 445 1198 philosophantibus
467 1113 572 1177 inesse
594 1113 731 1177 uirtutes
752 1111 858 1177 nullos
889 1115 1019 1197 praeter
1041 1114 1115 1198 phi·
1130 1133 1152 1170 ιο

145 1199 294 1284 losophos
316 1199 427 1263 beatos
450 1219 519 1262 esse
540 1197 764 1281 pronuntiant.
801 1198 1002 1283 agnitionem
1025 1199 1116 1263 enim

144 1305 251 1348 rerum
279 1284 462 1348 diuinarum
490 1282 681 1365 sapientiam
708 1283 837 1366 proprie
869 1285 1024 1347 uocantes
1060 1305 1131 1348 eos-

143 1371 272 1432 tantum
294 1367 388 1431 modo
410 1367 522 1431 dieunt
549 1388 618 1431 esse
641 1368 803 1450 sapientes
834 1367 888 1451 qui
917 1389 1059 1450 superna
1081 1372 1115 1433 et

145 1453 213 1517 acie
235 1451 353 1516 mentis
375 1452 543 1535 requirunt
565 1454 598 1515 et
619 1452 793 1534 quaerendi
816 1452 926 1536 sagaci
941 1452 1114 1537 diligentia

145 1535 412 1620 conprehendunt
447 1538 501 1618 et,
540 1540 696 1620 quantum
729 1537 860 1601 uiuendi
898 1537 1113 1621 perspicuitas
1129 1555 1151 1594 1⁵

144 1624 303 1706 praestat,
326 1621 510 1684 imitantur:
534 1621 623 1685 etin
645 1620 706 1686 hoo
728 1622 796 1685 sola
818 1642 887 1687 esse
910 1622 1001 1686 aiunt
1024 1643 1113 1686 exer-

107 1706 221 1770 4citia
243 1706 409 1789 uirtutum,
433 1726 566 1790 quarum
588 1706 635 1770 sic
656 1705 765 1770 officia
792 1707 992 1790 dispensant.
1038 1729 1114 1790 pru·

144 1792 272 1855 dentiae
295 1812 363 1855 esse
384 1790 540 1854 mundum
554 1791 651 1854 istum
666 1793 699 1855 et
720 1792 829 1856 omnia
844 1792 976 1875 quaein
990 1792 1113 1856 mundo

144 1876 257 1940 insunt
279 1876 461 1940 diuinorum
484 1875 755 1958 contemplatione
783 1876 947 1959 despicere
969 1897 1112 1940 omnem-

145 1982 204 2044 que
233 1961 358 2025 animae
386 1960 615 2045 cogitationem
647 1961 682 2024 in
714 1961 782 2025 sola
811 1961 921 2024 diuina
955 1960 1111 2046 dirigere:
1126 1978 1149 2016 ⁹0

143 2045 377 2130 temperantiae
399 2045 507 2109 omnia
529 2044 723 2129 relinquere,
753 2046 789 2108 in
810 2048 965 2129 quantum
993 2048 1113 2109 natura

143 2131 277 2214 patitur,
302 2151 383 2214 quae
406 2129 546 2213 eorporis
568 2151 643 2194 usus
658 2129 806 2213 requirit:
828 2129 1029 2194 fortitudinis
1045 2151 1113 2194 non

143 2216 258 2280 terreri
280 2216 422 2280 animam
437 2237 456 2279 a
471 2235 602 2298 corpore
624 2215 761 2299 quodam
774 2214 868 2278 modo
891 2215 989 2278 ductu
1008 2212 1114 2297 philo-

144 2300 275 2384 sophiae
298 2300 517 2383 recedentem,
552 2320 613 2363 nec
646 2298 851 2363 altitudinem
878 2297 1042 2382 perfectae
1072 2299 1113 2363 ad

144 2406 283 2468 superna
305 2385 501 2450 ascensionis
523 2383 667 2448 horrere:
696 2385 838 2448 iustitiae
868 2384 907 2447 ad
929 2405 1029 2447 unam
1050 2383 1113 2447 sibi
1126 2400 1149 2439 25

143 2468 237 2534 huius
259 2469 416 2554 propositi
439 2469 619 2533 consentire
641 2468 728 2532 uiam
750 2468 845 2533 unius
868 2468 1019 2552 cuiusque
1049 2468 1113 2532 uir·

143 2555 222 2617 tutis
256 2553 452 2637 obsequium.
504 2555 600 2635 atque
627 2552 674 2616 ita
702 2553 740 2616 fit
772 2556 809 2617 ut
843 2552 1019 2617 secundum
1052 2552 1114 2618 hoo

51 2638 54 2643 '
143 2640 212 2701 tam
233 2637 357 2722 rigidae
379 2636 576 2701 definitionis
599 2636 770 2719 abruptum
784 2659 891 2702 rerum
909 2636 1114 2721 publicarum

106 2723 280 2788 brectores
302 2721 390 2785 beati
412 2742 481 2786 esse
503 2741 570 2784 non
592 2721 726 2804 possint.
754 2723 810 2786 sed
832 2722 1010 2787 Pnomuvs
1026 2722 1115 2786 inter

143 2805 365 2890 philosophiae
386 2806 582 2891 professores
599 2827 671 2871 cum
685 2806 821 2871 Platone
835 2807 986 2891 princeps
1002 2823 1113 2872 Lrsso
1127 2823 1150 2862 30

143 2908 191 2954 mr
214 2907 424 2957 vlsrvrrssvs
447 2891 565 2977 gradus
588 2913 698 2956 earum
719 2913 795 2956 uera
817 2895 849 2956 et
870 2890 1011 2956 naturali
1032 2891 1114 2956 diui-

143 2974 243 3041 sionis
264 2974 390 3040 ratione
413 2976 594 3062 conpositos
616 2997 674 3060 per
695 2977 841 3041 ordinem
863 2976 991 3061 digerit.
1020 2981 1114 3061 quat

143 3099 348 3107 n—-—

212 3165 344 3231 lqurbus
358 3183 406 3218 om.
424 3158 457 3215 V
524 3165 676 3216 21nter1us
689 3157 722 3215 P'
788 3158 1041 3242 4hab1taouhs'B'
1098 3169 1114 3218 9

143 3249 210 3299 qma
228 3235 356 3286 estimant
373 3235 399 3285 P
478 3235 510 3284 15
528 3233 730 3299 comphendunt
747 3234 773 3283 P
857 3235 888 3284 18
908 3233 947 3283 est
963 3232 990 3281 B
1052 3241 1115 3285 orate

143 3318 236 3354 omma
254 3319 332 3355 erasa
349 3320 359 3353 1
375 3304 403 3353 ia
419 3301 445 3353 B
531 3304 562 3352 21
582 3317 610 3352 οι
626 3303 653 3352 in
671 3296 717 3352 6ιῖ
734 3303 761 3351 in
778 3317 831 3352 ras.
850 3304 877 3352 ia
894 3301 920 3351 B
1001 3302 1034 3351 22
1053 3301 1120 3353 ulus

143 3371 255 3435 reliquit
271 3371 297 3420 B
347 3385 402 3422 non
419 3375 525 3421 terrem
542 3369 568 3419 B
619 3372 652 3421 26
671 3360 844 3420 oonsrtrrels
913 3370 946 3419 27
965 3372 996 3418 ut
1013 3385 1041 3432 p,
1059 3370 1118 3420 uP

143 3439 175 3488 28
193 3438 428 3504 respublrearum
446 3438 482 3502 (br
499 3452 553 3490 ras.
569 3438 621 3500 fuit
637 3436 666 3502 x)
689 3436 715 3486 B
818 3439 850 3488 32
870 3436 1036 3502 compositos
1055 3438 1082 3487 P

139 3507 299 3571 quatuorP
476 3532 479 3537 ·

3 1683 55 1699 w·
