2362 3878
408 876 524 931 LIBER
545 874 730 934 SECVNDVS

174 1047 233 1122 Hic
261 1047 319 1112 ubi
346 1046 507 1111 modestus
536 1046 651 1110 edendi
678 1047 791 1111 modus
826 1067 951 1112 cessare
979 1046 1095 1113 feeitI

48 1150 50 1155 ·
111 1133 312 1198 castimoniam
333 1130 528 1196 ferculorum
551 1135 583 1195 et
606 1131 783 1196 conuiualis
805 1131 931 1196 laetitia
953 1133 1056 1196 minu·

109 1218 183 1282 scutis
208 1216 333 1302 poculis
361 1215 539 1299 oriebatur,
569 1216 714 1281 Auienus
743 1216 789 1280 ait
819 1216 917 1281 ‘bene
946 1238 983 1281 ac
1007 1238 1056 1281 aa·

48 1304 52 1385 ΙΙ
107 1301 211 1385 pienter
238 1301 332 1366 Maro
366 1304 476 1366 noster
503 1301 734 1365 tumultuosum
761 1305 794 1366 et
821 1301 963 1366 sobrium
990 1323 1055 1367 uno

48 1426 51 1435 ·
80 1387 258 1472 codemque
286 1408 383 1451 uersu
409 1385 581 1469 descripsit
608 1385 667 1451 sub
689 1407 863 1470 paucorum
884 1387 1055 1451 uerborum

105 1470 303 1536 inmutatione
326 1471 520 1536 conuiuium.
554 1492 632 1535 nam
645 1470 702 1534 ubi
717 1471 775 1535 sub
791 1475 950 1557 apparatu
963 1472 1054 1556 regio

48 1622 52 1635 ,
103 1557 255 1638 procedere
278 1556 360 1621 solet
381 1554 473 1620 luxus
497 1555 536 1619 ad
559 1555 729 1639 strepitum

206 1661 394 1742 ‘postquam
416 1657 538 1742 prima'
560 1657 667 1741 inquit
688 1658 794 1742 ‘quies
817 1657 935 1743 epulis’

101 1762 126 1823 at
144 1782 214 1826 cum
236 1760 349 1824 heroes
374 1760 541 1845 castigatis
564 1758 699 1843 dapibus
722 1760 889 1842 adsidunt,
919 1781 985 1823 non
1008 1780 1055 1823 re·

74 1858 92 1899 10
100 1843 174 1910 ducit
194 1845 336 1930 quietem
359 1844 434 1928 quia
455 1864 515 1908 nec
537 1844 713 1928 praecessit
735 1842 891 1908 tumultus
914 1844 969 1907 sed

269 1949 440 2030 postquam
462 1948 611 2029 exempta
632 1945 735 2009 fames
759 1944 871 2028 epulis.

96 2051 230 2112 noenum
263 2046 326 2111 hoc
359 2046 563 2130 conuiuium,
600 2046 685 2130 quod
718 2048 751 2108 at
784 2045 905 2109 heroici
939 2045 1091 2109 saeculi2

94 2133 273 2215 pudicitiam
302 2135 335 2196 et
365 2132 468 2195 nostri
497 2130 651 2196 conduxit
679 2128 891 2214 elegantiam,
929 2128 965 2193 in
993 2150 1056 2213 quo

94 2216 234 2300 splendor
257 2216 382 2281 sobrius
405 2219 437 2280 et
464 2215 603 2301 diligens
628 2214 841 2298 parsimonia,
871 2213 1055 2299 Agathonis

66 2302 234 2366 ¹⁵conuiuio
270 2301 324 2365 uel
359 2304 434 2385 post
464 2299 775 2385 magniloquentiam
807 2299 953 2365 Platonis
988 2321 1055 2364 non

92 2407 275 2485 componere
308 2388 437 2450 tantum
466 2385 522 2450 sed
549 2406 610 2483 neo
637 2385 801 2483 praeferre
829 2384 1052 2483 dubitauerim.

89 2470 780 2641 tt¹3³5tttt0t⁶ttttcsststftttlt‚
796 2469 1091 2639 lttttttt3

89 2641 159 2704 estis
183 2641 410 2705 eminentiores
433 2640 510 2704 estis
533 2639 574 2703 ad
596 2639 702 2704 studia
723 2639 880 2704 uirtutum
901 2660 996 2723 quam
1017 2642 1055 2703 ut

58 2725 185 2808 apoecis
215 2726 345 2789 comicis
376 2726 408 2788 et
436 2724 614 2808 Alcibiadi,
643 2724 697 2809 qui
724 2727 853 2789 tantum
874 2725 937 2789 fuit
959 2724 1053 2788 fortis

150 2934 166 2982 8
184 2932 254 2983 Aen.
273 2931 288 2981 1
306 2933 355 2982 723
426 2933 457 2980 11
476 2930 544 2985 Aen.
564 2931 645 2981 1216

151 3121 166 3169 2
186 3116 341 3168 mamlouhs
354 3115 474 3183 posculrl
489 3108 520 3165 B'
590 3119 652 3168 3ac
671 3123 696 3167 et
715 3114 743 3167 la
760 3119 787 3166 in
799 3116 937 3183 sapienter
955 3121 982 3168 in
998 3132 1052 3167 ras.

86 3188 112 3234 in
127 3186 153 3234 P
201 3189 292 3236 tuna
309 3177 342 3234 θ’
411 3188 637 3237 bammutatrone
656 3185 681 3233 P
747 3184 973 3251 theroellescati
991 3201 1054 3250 gra-

87 3252 124 3302 tis
136 3253 161 3302 P
229 3252 352 3303 adsidum
371 3245 403 3302 B'
474 3255 504 3303 11
525 3256 634 3303 exemta
651 3245 684 3301 B'
762 3254 793 3304 19
813 3256 864 3318 qua
882 3280 913 3289 -
932 3256 965 3303 20
984 3251 1052 3302 ale1·

88 3320 162 3385 prada
184 3319 233 3384 (tta
249 3320 289 3384 B)
311 3335 359 3386 qur
385 3324 446 3371 tant
474 3318 573 3384 (cetera
594 3320 711 3372 uocabulc'
729 3336 795 3386 pars
817 3328 916 3372 resecto
939 3321 1053 3384 moratae

87 3385 174 3453 pectit)
192 3389 254 3443 add.
274 3387 318 3436 Bm
