2362 3878
152 159 215 226 536
566 172 663 220 usar
685 172 698 218 1

154 328 385 412 Capricornum
415 326 552 390 meando
585 326 750 408 desumat,
784 325 840 390 sed
873 326 913 390 ad
946 328 1124 393 australem

104 415 145 480 15
155 413 308 478 uerticem
329 432 396 477 non
418 410 587 494 peruenire
611 411 793 475 creduntur.
838 410 899 475 duo
922 413 978 496 qui
1001 413 1043 477 ad
1065 436 1123 478 nn·

154 519 277 563 merum
296 496 499 594 praedictum
520 499 693 580 supersunt
714 495 910 560 meridianus
933 499 966 560 et
987 497 1124 564 horizon

153 604 221 648 non
243 581 427 647 scribuntur
448 580 484 645 in
505 580 651 664 sphaera,
681 580 756 665 quia
783 584 905 645 certum
932 580 1041 646 locum
1069 583 1124 648 ba-

154 668 229 732 bere
250 688 318 731 non
339 669 485 750 possunt,
508 665 564 730 sed
586 687 645 749 pro
659 665 846 730 diuersitate
862 666 1149 752 circumspiciens

105 752 145 818 16
154 753 197 819 tis
233 751 453 817 habitantisue
488 751 666 815 uariantur.
717 750 912 815 meridianus
947 754 998 816 est
1036 754 1124 818 enim

154 858 249 922 quem
263 834 312 901 sol
327 858 400 902 cum
414 857 451 900 su
475 857 509 900 er
523 836 689 900 hominum
704 837 858 900 uerticem
874 837 1002 901 uenerit
1016 837 1124 922 ipsum

154 923 239 986 d1em
260 921 401 986 medium
424 920 593 986 eficiendo
614 920 779 1006 designat:
803 923 836 985 et
850 921 926 1006 quia
942 921 1123 1006 globositas

153 1010 260 1071 terrae
281 1005 498 1071 habitationes
521 1005 664 1070 omnium
692 1004 841 1090 aequales
868 1005 929 1070 sibi
957 1027 1028 1071 esse
1057 1029 1125 1073 non

154 1092 288 1176 patitur,
311 1112 380 1156 non
403 1091 513 1156 cadem
535 1111 610 1175 pars
633 1090 712 1155 caeli
734 1090 876 1154 omnium
891 1092 1048 1155 uerticem
1072 1093 1160 1157 de-10

155 1176 269 1260 spicit:
298 1179 331 1241 et
352 1175 423 1240 ideo
450 1196 532 1239 unus
555 1176 703 1240 omnibus
730 1174 926 1240 meridianus
957 1196 1027 1241 esse
1056 1198 1126 1242 non

112 1262 118 1276 '
154 1261 288 1344 poterit,
319 1260 374 1324 sed
402 1260 538 1344 singulis
560 1260 713 1407 gentibus
735 1281 832 1343 super
853 1260 1007 1324 uerticem
1029 1283 1126 1325 suum

104 1345 143 1408 17
156 1345 304 1428 proprius
325 1343 522 1408 meridianus
545 1344 693 1408 eficitur.
724 1344 870 1408 similiter
892 1344 954 1408 sibi
974 1345 1126 1411 horizon-

154 1434 221 1492 tem
255 1427 336 1493 facit
369 1428 613 1510 circumspectio
646 1429 855 1526 singolorum.
900 1427 1034 1494 horizon
1077 1435 1127 1496 est

155 1512 242 1576 enim
263 1512 352 1577 uelut
374 1511 511 1596 quodam
535 1511 619 1576 circo
646 1513 833 1598 des1gnatus
855 1513 1012 1578 terminus
1042 1516 1125 1580 caeli
1139 1535 1162 1574 15

175 1596 238 1660 uod
260 1600 497 1680 superterram
518 1596 660 1662 uidetur:
690 1601 722 1661 et
748 1598 823 1680 quia
851 1598 891 1661 ad
917 1599 1025 1682 ipsum
1047 1622 1126 1666 uere

202 1702 252 1745 em
273 1702 341 1746 non
361 1683 470 1766 potest
489 1680 628 1746 humana
650 1682 734 1746 acies
755 1682 934 1765 peruenire,
964 1688 1126 1767 quantum

154 1766 287 1850 quisque
314 1766 422 1831 oculos
446 1765 697 1831 circumferendo
726 1767 929 1850 conspexerit
955 1770 1125 1853 proprium

154 1850 216 1914 sibi
245 1851 326 1916 caeli
352 1851 435 1935 quod
465 1873 560 1936 super
592 1853 712 1916 terram
745 1854 795 1916 est
821 1851 995 1916 terminum
1029 1852 1122 1919 facit.

104 1934 206 2001 18hic
228 1934 378 2020 horizon,
401 1956 496 2021 quem
518 1936 578 2000 sibi
600 1935 865 2020 uniuscuiusque
888 1937 1160 2004 circumscribitis

154 2024 314 2105 aspectus,
337 2021 422 2086 ultra
443 2023 605 2086 trecentos
628 2024 661 2085 et
682 2020 853 2106 sexaginta
875 2021 996 2085 stadios
1018 2021 1124 2110 longi-

152 2105 297 2171 tudinem
329 2105 417 2170 intra
450 2126 483 2170 se
517 2105 683 2170 continere
714 2126 781 2170 non
814 2106 944 2189 poterit.
991 2111 1123 2173 eentum

153 2189 240 2255 enim
263 2194 295 2255 et
316 2193 388 2256 octo
416 2190 484 2255 ''ta
510 2190 630 2255 stadios
652 2211 719 2255 non
742 2189 867 2255 excedit
893 2190 978 2255 acies
1008 2196 1123 2257 contra

153 2274 310 2340 uidentis:
345 2297 379 2341 se
435 2275 523 2341 uisus
558 2297 629 2341 cum
658 2275 699 2339 ad
726 2274 788 2339 hoc
816 2275 955 2359 spatium
982 2278 1121 2362 uenerit,

153 2379 284 2424 accessu
305 2360 457 2426 deficiens
483 2361 519 2425 in
540 2360 770 2425 rotunditatem
791 2359 983 2424 recurrendo
1010 2382 1121 2426 curua-
1134 2380 1159 2421 25

152 2448 206 2508 tur
235 2447 332 2530 atque
357 2445 405 2509 ita
433 2445 471 2508 fit
497 2446 535 2508 ut
558 2444 612 2509 hic
633 2466 784 2509 numerus
807 2466 845 2509 ex
867 2448 1003 2528 utraque
1028 2448 1122 2529 parte

153 2529 337 2614 geminatus
359 2530 576 2593 trecentorum
592 2530 762 2613 sexaginta
782 2529 957 2594 stadiorum
979 2531 1122 2614 spatium

153 2614 237 2696 quod
275 2613 363 2676 intra
407 2608 606 2676 horizontem
645 2634 737 2677 suum
778 2613 962 2679 continetur
998 2613 1123 2680 efficiat

154 2716 359 2779 semperque,
411 2697 546 2760 uantum
574 2716 613 2761 cx
634 2694 728 2762 buius
751 2719 765 2763 s
790 2698 848 2764 atii
869 2703 963 2783 parte
990 2703 1123 2784 postera

152 2778 354 2864 procedendo
385 2716 553 2865 dimiseris,
582 2784 710 2846 tantum
737 2721 798 2848 rii
820 2783 859 2848 de
881 2784 1042 2849 anteriore
1071 2805 1159 2849 su-rc

153 2865 266 2946 metur,
283 2866 317 2927 et
330 2862 402 2930 ideo
416 2864 550 2931 horizon
564 2888 690 2951 semper
704 2871 962 2952 quantacumque
977 2867 1122 2934 locorum

103 2947 409 3033 19transgressione
431 2954 585 3016 mutatur.
609 2950 695 3016 hunc
718 2955 834 3037 sutem,
859 2973 953 3037 quem
969 2953 1120 3039 diximus,

153 3031 298 3097 admittit
319 3038 484 3119 aspectum
506 3036 617 3100 autin
640 3036 736 3101 terris
765 3058 866 3121 aequa
887 3036 1041 3121 planities
1065 3043 1123 3104 aut

151 3114 260 3203 pelagi
282 3118 459 3203 tranquilla
479 3119 622 3203 libertas,
653 3142 716 3205 qua
743 3120 865 3186 nullam
896 3122 996 3186 oculis
1020 3123 1123 3207 obicit

152 3224 209 3233 -—
213 3224 354 3233 ...υ--

219 3275 390 3326 bonzonP
455 3274 751 3328 thabitantrssueP
803 3276 1027 3339 9holm1numP
1088 3280 1120 3329 11

151 3340 222 3392 unus
236 3334 327 3394 om.P'
379 3342 519 3393 merianus
533 3336 565 3393 P'
616 3346 650 3395 20
667 3343 732 3396 binc
751 3346 880 3397 onzonP
928 3344 1000 3395 unus
1015 3346 1121 3412 curusq3

151 3409 177 3458 P
242 3412 275 3460 22
292 3425 322 3460 ιιι
341 3409 367 3462 se
385 3412 410 3463 P
478 3412 512 3462 24
529 3410 657 3463 uidentes
671 3405 703 3462 P‘
788 3415 821 3465 30
839 3411 979 3464 demlserls
993 3413 1019 3462 P
1087 3417 1122 3466 33

150 3474 283 3545 aupelagr
299 3470 333 3528 1¹
