2362 3878
445 224 631 299 xnus-18
963 216 1024 281 447

57 387 326 470 relegaretur,
352 406 465 468 quae
489 384 698 449 otiosior
720 388 865 451 estne
889 386 1025 451 crebro

56 474 178 535 motu
207 473 251 534 et
278 470 420 534 officio
448 491 608 534 manus
636 469 825 535 dexterae
856 471 1026 554 pretiosi

56 554 211 640 lapides
233 554 535 639 frangerentur.
581 553 733 619 electus
762 558 893 620 autem
920 556 1077 640 inquit14

56 641 102 704 in
125 641 212 724 ipsa
234 639 350 704 laeua
371 662 502 704 manu
530 639 683 724 digitus
711 639 871 705 minimo
893 641 1025 723 proxi-

32 747 139 789 5mus
162 725 299 808 quasi
322 725 456 808 aptior
479 724 628 789 ceteris
652 725 713 788 cui
736 724 1025 789 commendare-

56 814 121 874 tur
145 808 256 873 anuli
271 810 516 893 pretiositas.
547 809 781 893 nampollex
805 811 1026 894 quinomen

58 896 104 958 ab
133 916 175 959 eo
204 895 305 978 quod
330 894 459 978 pollet
489 894 660 978 accepit,
691 916 762 959 nec
788 895 829 959 in
856 895 1026 959 sinistra

59 983 190 1043 cessat
217 1000 289 1043 nec
311 980 440 1044 minus
463 1000 576 1062 quam
603 982 688 1044 tota
715 1001 850 1044 manus
874 1000 1026 1063 semper

57 1064 98 1127 in
120 1064 264 1128 officio
287 1067 362 1129 est:
385 1063 485 1128 unde
509 1067 548 1128 et
571 1064 672 1149 apud
689 1063 859 1129 Graecos
875 1061 1025 1147 ἄντίχειρ

19 1169 43 1208 10
57 1149 163 1233 inquit
191 1153 359 1214 uocatur
387 1149 498 1234 quasi
531 1171 666 1213 manus
695 1149 833 1214 altera.
880 1146 1076 1296 pollici15

56 1256 149 1299 uero
171 1235 330 1298 uicinus
353 1235 478 1298 nudus
495 1237 534 1298 et
555 1234 642 1299 sine
664 1234 875 1299 tuitiones
898 1233 1025 1297 terius

58 1319 233 1403 adpositi
269 1320 492 1384 uidebatur.
537 1341 624 1383 nam
659 1319 794 1403 pollex
829 1320 890 1384 ita
923 1318 1026 1382 infe-

58 1404 139 1466 rior
162 1407 221 1466 est
248 1407 290 1467 ut
318 1404 385 1466 uix
413 1404 588 1468 radicem
615 1406 714 1470 eius
738 1405 913 1469 excedat.
952 1424 1026 1466 me-

58 1488 163 1551 dium
197 1491 241 1551 et
273 1488 474 1552 minimum
507 1489 743 1553 uitauerunt
775 1493 823 1554 ut
850 1490 1025 1573 ineptae,

18 1592 42 1630 rs
59 1573 227 1637 alterum
248 1573 546 1657 magnitudine,
570 1575 774 1639 breuitate
797 1575 967 1640 alterum
989 1575 1027 1637 et

58 1656 1027 1744 electusestquiabutroqueclauditurct
1116 1722 1119 1727 ,

56 1743 185 1807 minus
209 1743 343 1808 officii
366 1743 472 1827 gerit
501 1746 538 1808 et
565 1743 654 1808 ideo
683 1745 877 1807 seruando
906 1741 1026 1806 anulo

57 1829 183 1911 magis
213 1828 593 1892 adcommodatus
623 1830 704 1891 cst.
745 1827 825 1891 haec
848 1831 925 1891 sunt
946 1823 1077 1910 quaeld

57 1911 152 1974 lectio
174 1912 369 1994 pontificalis
391 1912 500 1976 habet.
537 1934 620 1976 unus
647 1911 780 1995 quisque
806 1915 844 1975 ut
865 1910 953 1974 uolet
974 1910 1027 1974 uel

19 2013 44 2053 20
57 1994 229 2059 Etruscam
250 1996 302 2059 uel
324 1997 561 2080 Aegyptiacam
583 1997 769 2080 opinionem
790 1998 966 2079 sequatur!

142 2080 233 2144 Inter
254 2080 335 2144 haec
346 2080 453 2144 Horus
469 2081 509 2144 ad
525 2081 755 2145 consulendum
768 2101 915 2144 reuersus
938 2078 1024 2143 ‘scis’
1038 2078 1075 2141 17

57 2166 163 2249 inquit
191 2165 312 2229 ‘Disari
339 2169 469 2249 praeter
495 2164 582 2230 hunc
608 2166 762 2230 uestitum
783 2165 837 2250 qui
864 2185 916 2227 me
943 2163 1028 2249 tegit

57 2249 140 2313 nihil
167 2273 218 2316 me
245 2251 281 2315 in
309 2251 397 2315 omni
427 2272 524 2315 censu
558 2251 643 2315 aliud
673 2251 802 2315 habere.
853 2248 938 2313 unde
954 2266 1027 2313 ¹uec

57 2358 167 2400 seruus
195 2336 275 2401 mihi
302 2340 439 2401 estnec
465 2339 502 2400 ut
529 2337 573 2400 sit
595 2340 670 2419 opto
699 2335 754 2398 scd
780 2356 909 2399 omnem
935 2355 1028 2397 usum

18 2439 43 2478 25
57 2422 112 2504 qui
133 2424 207 2486 uiuo
229 2421 462 2486 ministrandus
485 2424 535 2485 est
556 2442 616 2506 ego
638 2420 786 2485 mihimet
807 2418 1025 2484 subministro,

56 2528 159 2590 nuper
182 2529 241 2590 ego
265 2530 337 2572 cum
358 2507 394 2571 in
416 2506 584 2571 Hostiensi
606 2506 723 2589 oppido
745 2526 903 2587 morarer,
927 2500 1075 2568 sordi-18

57 2591 168 2653 datum
189 2593 323 2674 pallium
345 2615 451 2656 meum
473 2592 508 2656 in
530 2591 612 2655 mari
635 2591 757 2656 diutule
784 2589 850 2654 laui
879 2592 911 2654 et
932 2609 1027 2672 super

57 2674 133 2737 litus
161 2675 225 2739 sole
254 2677 389 2761 siccaui,
417 2677 581 2762 nihiloque
608 2677 715 2741 minus
744 2675 873 2739 eaedem
900 2674 1027 2757 inipso

56 2762 130 2841 post
153 2758 349 2826 ablutionem
371 2762 515 2826 maculae
538 2761 679 2826 sordium
700 2760 899 2825 uisebantur.
942 2779 1027 2822 cum·

19 2861 44 2902 eo
59 2864 120 2926 que
142 2866 192 2907 me
215 2847 351 2909 resista
374 2847 605 2929 stupefaceret,
635 2846 795 2911 adsistens
820 2845 906 2909 forte
927 2846 1028 2907 nauta

59 2928 150 3010 ‘quin
179 2929 296 3012 potius'
325 2931 371 2994 ait
399 2930 446 2993 ‘in
473 2930 572 2995 fluuio
600 2930 693 2995 ablue
720 2930 855 3014 pallium
882 2932 973 2993 tuum
1001 2928 1028 2991 si

57 3012 106 3075 uis
130 3014 368 3079 emaculatum!
406 3015 499 3099 parui
514 3019 550 3079 ut
564 3037 677 3079 uerum
698 3016 869 3099 probarem
890 3016 924 3078 et
946 3034 1028 3096 aqua

58 3097 142 3162 dulci
181 3099 326 3164 ablutum
359 3102 456 3184 atque
488 3100 644 3165 siccatum
676 3100 744 3164 uidi
777 3097 939 3184 splendori
972 3117 1028 3160 suo

57 3183 216 3247 redditum
255 3187 287 3248 et
325 3207 364 3249 ex
405 3184 461 3249 illo
503 3206 632 3249 causam
668 3184 795 3269 requiro
832 3205 889 3249 cur
923 3181 1028 3266 magis

60 3323 261 3332 *-

84 3409 158 3483 ,12
177 3409 339 3474 apposrtrP
406 3412 438 3459 13
456 3405 514 3474 uix]
535 3409 579 3459 urs
593 3409 618 3458 P
686 3399 881 3458 14m1n1mP'
932 3409 963 3454 ut
981 3419 1027 3454 om.

58 3475 83 3522 P
159 3477 190 3524 18
209 3474 418 3528 adedmodatrul
434 3476 460 3525 P
544 3478 578 3527 20
600 3480 740 3543 egrptracd
757 3477 783 3526 P
866 3475 900 3525 26
917 3471 988 3523 horu
1005 3471 1032 3521 P

57 3544 91 3593 34
110 3542 193 3593 causa
210 3544 236 3594 P
303 3559 387 3612 quero
406 3536 437 3596 F
