<?xml version="1.0" encoding="UTF-8"?>
<!DOCTYPE html PUBLIC "-//W3C//DTD XHTML 1.0 Transitional//EN"
    "http://www.w3.org/TR/xhtml1/DTD/xhtml1-transitional.dtd">
<html xmlns="http://www.w3.org/1999/xhtml" xml:lang="en" lang="en">
 <head>
  <title>
</title>
<meta http-equiv="Content-Type" content="text/html;charset=utf-8" />
  <meta name='ocr-system' content='tesseract 3.04.00' />
  <meta name='ocr-capabilities' content='ocr_page ocr_carea ocr_par ocr_line ocrx_word'/>
</head>
<body>
  <div class='ocr_page' id='page_1' title='image "./macrobivs00macrgoog_0623.png"; bbox 0 0 2362 3878; ppageno 0'>
   <div class='ocr_carea' id='block_1_1' title="bbox 137 166 702 230">
    <p class='ocr_par' dir='ltr' id='par_1_1' title="bbox 137 166 702 230">
     <span class='ocr_line' id='line_1_1' title="bbox 137 166 702 230; baseline -0.007 -1"><span class='ocrx_word' id='word_1_1' title='bbox 137 166 201 230; x_wconf 88' lang='grc'><strong>610</strong></span> <span class='ocrx_word' id='word_1_2' title='bbox 555 181 652 226; x_wconf 78' lang='lat' dir='ltr'><strong>meni</strong></span> <span class='ocrx_word' id='word_1_3' title='bbox 675 180 702 225; x_wconf 88' lang='lat' dir='ltr'><strong>ii</strong></span> 
     </span>
    </p>
   </div>
   <div class='ocr_carea' id='block_1_2' title="bbox 99 332 1139 1328">
    <p class='ocr_par' dir='ltr' id='par_1_2' title="bbox 136 332 1112 502">
     <span class='ocr_line' id='line_1_2' title="bbox 137 332 1112 417; baseline 0.001 -18"><span class='ocrx_word' id='word_1_4' title='bbox 137 357 203 399; x_wconf 89' lang='lat' dir='ltr'><strong>non</strong></span> <span class='ocrx_word' id='word_1_5' title='bbox 226 334 327 398; x_wconf 90' lang='lat' dir='ltr'><strong>solum</strong></span> <span class='ocrx_word' id='word_1_6' title='bbox 349 333 575 417; x_wconf 73' lang='lat' dir='ltr'><strong>perpetuitatis</strong></span> <span class='ocrx_word' id='word_1_7' title='bbox 603 336 766 415; x_wconf 83' lang='lat' dir='ltr'><strong>expertein</strong></span> <span class='ocrx_word' id='word_1_8' title='bbox 788 332 843 396; x_wconf 86' lang='lat' dir='ltr'><strong>sed</strong></span> <span class='ocrx_word' id='word_1_9' title='bbox 865 355 931 397; x_wconf 91' lang='lat' dir='ltr'><strong>nec</strong></span> <span class='ocrx_word' id='word_1_10' title='bbox 953 335 999 398; x_wconf 82' lang='lat' dir='ltr'><strong>ad</strong></span> <span class='ocrx_word' id='word_1_11' title='bbox 1021 336 1112 400; x_wconf 90' lang='lat' dir='ltr'><strong>unius</strong></span> 
     </span>
     <span class='ocr_line' id='line_1_3' title="bbox 136 416 1112 502; baseline 0.003 -20"><span class='ocrx_word' id='word_1_12' title='bbox 136 418 258 502; x_wconf 81' lang='lat' dir='ltr'><strong>integri</strong></span> <span class='ocrx_word' id='word_1_13' title='bbox 280 419 358 481; x_wconf 88' lang='lat' dir='ltr'><strong>anni</strong></span> <span class='ocrx_word' id='word_1_14' title='bbox 380 421 482 483; x_wconf 84' lang='lat' dir='ltr'><strong>metas</strong></span> <span class='ocrx_word' id='word_1_15' title='bbox 504 438 597 501; x_wconf 90' lang='lat' dir='ltr'><strong>posse</strong></span> <span class='ocrx_word' id='word_1_16' title='bbox 619 417 792 502; x_wconf 84' lang='lat' dir='ltr'><strong>propagari</strong></span> <span class='ocrx_word' id='word_1_17' title='bbox 814 416 919 501; x_wconf 79' lang='lat' dir='ltr'><strong>docet,</strong></span> <span class='ocrx_word' id='word_1_18' title='bbox 945 419 1041 483; x_wconf 87' lang='lat' dir='ltr'><strong>cuius</strong></span> <span class='ocrx_word' id='word_1_19' title='bbox 1064 420 1112 485; x_wconf 86' lang='lat' dir='ltr'><strong>ad·</strong></span> 
     </span>
    </p>

    <p class='ocr_par' dir='ltr' id='par_1_3' title="bbox 99 501 1138 823">
     <span class='ocr_line' id='line_1_4' title="bbox 99 501 1111 586; baseline 0.002 -19"><span class='ocrx_word' id='word_1_20' title='bbox 99 503 284 567; x_wconf 69' lang='lat' dir='ltr'><strong>bsertionis</strong></span> <span class='ocrx_word' id='word_1_21' title='bbox 308 524 387 586; x_wconf 90' lang='lat' dir='ltr'><strong>quae</strong></span> <span class='ocrx_word' id='word_1_22' title='bbox 410 503 453 566; x_wconf 86' lang='lat' dir='ltr'><strong>sit</strong></span> <span class='ocrx_word' id='word_1_23' title='bbox 474 503 556 565; x_wconf 90' lang='lat' dir='ltr'><strong>ratio</strong></span> <span class='ocrx_word' id='word_1_24' title='bbox 579 501 731 565; x_wconf 82' lang='lat' dir='ltr'><strong>dicemus.</strong></span> <span class='ocrx_word' id='word_1_25' title='bbox 776 524 880 565; x_wconf 87' lang='lat' dir='ltr'><strong>annus</strong></span> <span class='ocrx_word' id='word_1_26' title='bbox 896 524 968 567; x_wconf 90' lang='lat' dir='ltr'><strong>non</strong></span> <span class='ocrx_word' id='word_1_27' title='bbox 984 504 1014 568; x_wconf 89' lang='lat' dir='ltr'><strong>is</strong></span> <span class='ocrx_word' id='word_1_28' title='bbox 1030 506 1111 570; x_wconf 86' lang='lat' dir='ltr'><strong>solus</strong></span> 
     </span>
     <span class='ocr_line' id='line_1_5' title="bbox 138 586 1111 672; baseline 0.002 -20"><span class='ocrx_word' id='word_1_29' title='bbox 138 591 188 652; x_wconf 86' lang='lat' dir='ltr'><strong>cst</strong></span> <span class='ocrx_word' id='word_1_30' title='bbox 209 609 302 671; x_wconf 88' lang='lat' dir='ltr'><strong>quem</strong></span> <span class='ocrx_word' id='word_1_31' title='bbox 324 608 412 651; x_wconf 91' lang='lat' dir='ltr'><strong>nunc</strong></span> <span class='ocrx_word' id='word_1_32' title='bbox 428 586 604 651; x_wconf 90' lang='lat' dir='ltr'><strong>communis</strong></span> <span class='ocrx_word' id='word_1_33' title='bbox 619 587 761 650; x_wconf 91' lang='lat' dir='ltr'><strong>omnium</strong></span> <span class='ocrx_word' id='word_1_34' title='bbox 775 608 852 650; x_wconf 88' lang='lat' dir='ltr'><strong>usus</strong></span> <span class='ocrx_word' id='word_1_35' title='bbox 868 586 1037 672; x_wconf 81' lang='lat' dir='ltr'><strong>appellat,</strong></span> <span class='ocrx_word' id='word_1_36' title='bbox 1061 590 1111 654; x_wconf 87' lang='lat' dir='ltr'><strong>sed</strong></span> 
     </span>
     <span class='ocr_line' id='line_1_6' title="bbox 138 671 1138 739; baseline 0.003 -3"><span class='ocrx_word' id='word_1_37' title='bbox 138 673 188 736; x_wconf 88' lang='lat' dir='ltr'><strong>sin</strong></span> <span class='ocrx_word' id='word_1_38' title='bbox 213 672 336 736; x_wconf 90' lang='lat' dir='ltr'><strong>ulorum</strong></span> <span class='ocrx_word' id='word_1_39' title='bbox 359 694 414 735; x_wconf 91' lang='lat' dir='ltr'><strong>seu</strong></span> <span class='ocrx_word' id='word_1_40' title='bbox 435 671 593 735; x_wconf 90' lang='lat' dir='ltr'><strong>luminum</strong></span> <span class='ocrx_word' id='word_1_41' title='bbox 615 692 670 734; x_wconf 90' lang='lat' dir='ltr'><strong>seu</strong></span> <span class='ocrx_word' id='word_1_42' title='bbox 692 671 858 735; x_wconf 88' lang='lat' dir='ltr'><strong>stellarum</strong></span> <span class='ocrx_word' id='word_1_43' title='bbox 873 693 1012 737; x_wconf 89' lang='lat' dir='ltr'><strong>emenso</strong></span> <span class='ocrx_word' id='word_1_44' title='bbox 1027 676 1111 739; x_wconf 92' lang='lat' dir='ltr'><strong>omni</strong></span> <span class='ocrx_word' id='word_1_45' title='bbox 1129 693 1138 731; x_wconf 62' lang='grc' dir='ltr'><strong>ὃ</strong></span> 
     </span>
     <span class='ocr_line' id='line_1_7' title="bbox 139 695 1112 823; baseline 0.002 -2"><span class='ocrx_word' id='word_1_46' title='bbox 139 695 219 821; x_wconf 68' lang='lat' dir='ltr'><strong>caeli</strong></span> <span class='ocrx_word' id='word_1_47' title='bbox 242 758 376 821; x_wconf 88' lang='lat' dir='ltr'><strong>circuitu</strong></span> <span class='ocrx_word' id='word_1_48' title='bbox 399 778 418 819; x_wconf 89' lang='lat' dir='ltr'><strong>a</strong></span> <span class='ocrx_word' id='word_1_49' title='bbox 440 760 525 820; x_wconf 88' lang='lat' dir='ltr'><strong>certo</strong></span> <span class='ocrx_word' id='word_1_50' title='bbox 545 755 616 819; x_wconf 89' lang='lat' dir='ltr'><strong>loco</strong></span> <span class='ocrx_word' id='word_1_51' title='bbox 638 756 671 819; x_wconf 91' lang='lat' dir='ltr'><strong>in</strong></span> <span class='ocrx_word' id='word_1_52' title='bbox 696 756 832 819; x_wconf 91' lang='lat' dir='ltr'><strong>eundem</strong></span> <span class='ocrx_word' id='word_1_53' title='bbox 859 756 972 821; x_wconf 88' lang='lat' dir='ltr'><strong>locum</strong></span> <span class='ocrx_word' id='word_1_54' title='bbox 994 759 1112 823; x_wconf 88' lang='lat' dir='ltr'><strong>reditus</strong></span> 
     </span>
    </p>

    <p class='ocr_par' dir='ltr' id='par_1_4' title="bbox 101 840 1139 1328">
     <span class='ocr_line' id='line_1_8' title="bbox 101 840 1113 925; baseline 0.002 -19"><span class='ocrx_word' id='word_1_55' title='bbox 101 841 240 906; x_wconf 74' lang='lat' dir='ltr'><strong>donnus</strong></span> <span class='ocrx_word' id='word_1_56' title='bbox 263 863 338 905; x_wconf 84' lang='lat' dir='ltr'><strong>suus</strong></span> <span class='ocrx_word' id='word_1_57' title='bbox 360 845 419 904; x_wconf 88' lang='lat' dir='ltr'><strong>est.</strong></span> <span class='ocrx_word' id='word_1_58' title='bbox 464 840 510 904; x_wconf 89' lang='lat' dir='ltr'><strong>sic</strong></span> <span class='ocrx_word' id='word_1_59' title='bbox 531 841 650 904; x_wconf 84' lang='lat' dir='ltr'><strong>mensis</strong></span> <span class='ocrx_word' id='word_1_60' title='bbox 672 840 768 904; x_wconf 88' lang='lat' dir='ltr'><strong>lunae</strong></span> <span class='ocrx_word' id='word_1_61' title='bbox 791 862 896 904; x_wconf 86' lang='lat' dir='ltr'><strong>annus</strong></span> <span class='ocrx_word' id='word_1_62' title='bbox 926 845 998 925; x_wconf 86' lang='lat' dir='ltr'><strong>est,</strong></span> <span class='ocrx_word' id='word_1_63' title='bbox 1029 843 1113 908; x_wconf 83' lang='lat' dir='ltr'><strong>intra</strong></span> 
     </span>
     <span class='ocr_line' id='line_1_9' title="bbox 138 924 1113 1010; baseline 0.003 -20"><span class='ocrx_word' id='word_1_64' title='bbox 138 948 229 1010; x_wconf 89' lang='lat' dir='ltr'><strong>quem</strong></span> <span class='ocrx_word' id='word_1_65' title='bbox 254 926 334 991; x_wconf 88' lang='lat' dir='ltr'><strong>caeli</strong></span> <span class='ocrx_word' id='word_1_66' title='bbox 356 925 513 989; x_wconf 88' lang='lat' dir='ltr'><strong>ambitum</strong></span> <span class='ocrx_word' id='word_1_67' title='bbox 533 925 658 989; x_wconf 87' lang='lat' dir='ltr'><strong>lustrat.</strong></span> <span class='ocrx_word' id='word_1_68' title='bbox 703 946 778 988; x_wconf 90' lang='lat' dir='ltr'><strong>nam</strong></span> <span class='ocrx_word' id='word_1_69' title='bbox 800 928 834 990; x_wconf 88' lang='lat' dir='ltr'><strong>et</strong></span> <span class='ocrx_word' id='word_1_70' title='bbox 855 947 875 988; x_wconf 85' lang='lat' dir='ltr'><strong>a</strong></span> <span class='ocrx_word' id='word_1_71' title='bbox 890 924 974 991; x_wconf 85' lang='lat' dir='ltr'><strong>luna</strong></span> <span class='ocrx_word' id='word_1_72' title='bbox 995 929 1113 993; x_wconf 85' lang='lat' dir='ltr'><strong>mensis</strong></span> 
     </span>
     <span class='ocr_line' id='line_1_10' title="bbox 137 1009 1111 1094; baseline 0.004 -20"><span class='ocrx_word' id='word_1_73' title='bbox 137 1012 254 1075; x_wconf 90' lang='lat' dir='ltr'><strong>dicitur</strong></span> <span class='ocrx_word' id='word_1_74' title='bbox 292 1011 365 1094; x_wconf 88' lang='lat' dir='ltr'><strong>quia</strong></span> <span class='ocrx_word' id='word_1_75' title='bbox 400 1009 522 1074; x_wconf 85' lang='lat' dir='ltr'><strong>Gracco</strong></span> <span class='ocrx_word' id='word_1_76' title='bbox 554 1010 684 1073; x_wconf 90' lang='lat' dir='ltr'><strong>nomine</strong></span> <span class='ocrx_word' id='word_1_77' title='bbox 722 1009 799 1072; x_wconf 89' lang='lat' dir='ltr'><strong>luna</strong></span> <span class='ocrx_word' id='word_1_78' title='bbox 835 1010 925 1092; x_wconf 78' lang='grc' dir='ltr'><em>μήνη</em></span> <span class='ocrx_word' id='word_1_79' title='bbox 966 1016 1068 1077; x_wconf 86' lang='lat' dir='ltr'><strong>uocat</strong></span> <span class='ocrx_word' id='word_1_80' title='bbox 1105 1062 1111 1077; x_wconf 94' lang='lat'><strong>.</strong></span> 
     </span>
     <span class='ocr_line' id='line_1_11' title="bbox 136 1093 1139 1183; baseline -0.004 -24"><span class='ocrx_word' id='word_1_81' title='bbox 136 1095 300 1180; x_wconf 83' lang='lat' dir='ltr'><strong>Vergilius</strong></span> <span class='ocrx_word' id='word_1_82' title='bbox 323 1095 459 1178; x_wconf 89' lang='lat' dir='ltr'><strong>denique</strong></span> <span class='ocrx_word' id='word_1_83' title='bbox 482 1095 521 1158; x_wconf 86' lang='lat' dir='ltr'><strong>ad</strong></span> <span class='ocrx_word' id='word_1_84' title='bbox 545 1094 769 1158; x_wconf 85' lang='lat' dir='ltr'><strong>discretionem</strong></span> <span class='ocrx_word' id='word_1_85' title='bbox 796 1093 920 1158; x_wconf 87' lang='lat' dir='ltr'><strong>lunaris</strong></span> <span class='ocrx_word' id='word_1_86' title='bbox 952 1097 1038 1161; x_wconf 82' lang='lat' dir='ltr'><strong>anni</strong></span> <span class='ocrx_word' id='word_1_87' title='bbox 1063 1099 1113 1183; x_wconf 90' lang='lat' dir='ltr'><strong>qui</strong></span> <span class='ocrx_word' id='word_1_88' title='bbox 1123 1118 1139 1155; x_wconf 85' lang='lat' dir='ltr'><strong>n</strong></span> 
     </span>
     <span class='ocr_line' id='line_1_12' title="bbox 136 1177 1114 1266; baseline 0.003 -22"><span class='ocrx_word' id='word_1_89' title='bbox 136 1181 243 1244; x_wconf 89' lang='lat' dir='ltr'><strong>breuis</strong></span> <span class='ocrx_word' id='word_1_90' title='bbox 266 1184 325 1264; x_wconf 86' lang='lat' dir='ltr'><strong>est,</strong></span> <span class='ocrx_word' id='word_1_91' title='bbox 349 1201 470 1244; x_wconf 91' lang='lat' dir='ltr'><strong>annum</strong></span> <span class='ocrx_word' id='word_1_92' title='bbox 492 1179 546 1263; x_wconf 89' lang='lat' dir='ltr'><strong>qui</strong></span> <span class='ocrx_word' id='word_1_93' title='bbox 570 1200 663 1243; x_wconf 89' lang='lat' dir='ltr'><strong>cursu</strong></span> <span class='ocrx_word' id='word_1_94' title='bbox 679 1177 754 1241; x_wconf 86' lang='lat' dir='ltr'><strong>solis</strong></span> <span class='ocrx_word' id='word_1_95' title='bbox 770 1178 909 1242; x_wconf 84' lang='lat' dir='ltr'><strong>efficitur</strong></span> <span class='ocrx_word' id='word_1_96' title='bbox 924 1180 1114 1266; x_wconf 80' lang='lat' dir='ltr'><strong>significare</strong></span> 
     </span>
     <span class='ocr_line' id='line_1_13' title="bbox 137 1265 318 1328; baseline -0.006 0"><span class='ocrx_word' id='word_1_97' title='bbox 137 1265 248 1328; x_wconf 90' lang='lat' dir='ltr'><strong>uolens</strong></span> <span class='ocrx_word' id='word_1_98' title='bbox 272 1265 318 1328; x_wconf 87' lang='lat' dir='ltr'><strong>ait</strong></span> 
     </span>
    </p>
   </div>
   <div class='ocr_carea' id='block_1_3' title="bbox 226 1364 1035 1447">
    <p class='ocr_par' dir='ltr' id='par_1_5' title="bbox 226 1364 1035 1447">
     <span class='ocr_line' id='line_1_14' title="bbox 226 1364 1035 1447; baseline 0.007 -20"><span class='ocrx_word' id='word_1_99' title='bbox 226 1366 351 1429; x_wconf 88' lang='lat' dir='ltr'><strong>interea</strong></span> <span class='ocrx_word' id='word_1_100' title='bbox 372 1385 528 1447; x_wconf 85' lang='lat' dir='ltr'><strong>magnum</strong></span> <span class='ocrx_word' id='word_1_101' title='bbox 550 1364 597 1427; x_wconf 93' lang='lat' dir='ltr'><strong>sol</strong></span> <span class='ocrx_word' id='word_1_102' title='bbox 621 1364 880 1429; x_wconf 91' lang='lat' dir='ltr'><strong>circumuoluitur</strong></span> <span class='ocrx_word' id='word_1_103' title='bbox 902 1388 1035 1433; x_wconf 83' lang='lat' dir='ltr'><strong>annum</strong></span> 
     </span>
    </p>
   </div>
   <div class='ocr_carea' id='block_1_4' title="bbox 86 1466 1142 3084">
    <p class='ocr_par' dir='ltr' id='par_1_6' title="bbox 86 1466 1142 3084">
     <span class='ocr_line' id='line_1_15' title="bbox 138 1466 1112 1549; baseline 0.007 -21"><span class='ocrx_word' id='word_1_104' title='bbox 138 1488 261 1529; x_wconf 88' lang='lat' dir='ltr'><strong>annum</strong></span> <span class='ocrx_word' id='word_1_105' title='bbox 288 1480 444 1548; x_wconf 85' lang='lat' dir='ltr'><strong>magnum</strong></span> <span class='ocrx_word' id='word_1_106' title='bbox 465 1486 585 1529; x_wconf 89' lang='lat' dir='ltr'><strong>uocans</strong></span> <span class='ocrx_word' id='word_1_107' title='bbox 607 1467 683 1529; x_wconf 89' lang='lat' dir='ltr'><strong>solis</strong></span> <span class='ocrx_word' id='word_1_108' title='bbox 711 1466 954 1549; x_wconf 84' lang='lat' dir='ltr'><strong>comparatione</strong></span> <span class='ocrx_word' id='word_1_109' title='bbox 978 1469 1112 1535; x_wconf 86' lang='lat' dir='ltr'><strong>lunaris.</strong></span> 
     </span>
     <span class='ocr_line' id='line_1_16' title="bbox 103 1549 1138 1698; baseline 0.009 -86"><span class='ocrx_word' id='word_1_110' title='bbox 103 1550 214 1614; x_wconf 75' lang='lat' dir='ltr'><strong>lnam</strong></span> <span class='ocrx_word' id='word_1_111' title='bbox 243 1571 352 1612; x_wconf 86' lang='lat' dir='ltr'><strong>cursus</strong></span> <span class='ocrx_word' id='word_1_112' title='bbox 380 1549 507 1632; x_wconf 88' lang='lat' dir='ltr'><strong>quidem</strong></span> <span class='ocrx_word' id='word_1_113' title='bbox 535 1549 672 1613; x_wconf 88' lang='lat' dir='ltr'><strong>Veneris</strong></span> <span class='ocrx_word' id='word_1_114' title='bbox 700 1554 795 1698; x_wconf 64' lang='lat' dir='ltr'><strong>atipue</strong></span> <span class='ocrx_word' id='word_1_115' title='bbox 821 1550 980 1617; x_wconf 84' lang='lat' dir='ltr'><strong>Mercurii</strong></span> <span class='ocrx_word' id='word_1_116' title='bbox 1012 1572 1138 1639; x_wconf 68' lang='lat' dir='ltr'><strong>paenct</strong></span> 
     </span>
     <span class='ocr_line' id='line_1_17' title="bbox 137 1634 1113 1717; baseline 0.01 -21"><span class='ocrx_word' id='word_1_117' title='bbox 137 1656 196 1717; x_wconf 85' lang='lat' dir='ltr'><strong>par</strong></span> <span class='ocrx_word' id='word_1_118' title='bbox 218 1634 277 1697; x_wconf 90' lang='lat' dir='ltr'><strong>soli</strong></span> <span class='ocrx_word' id='word_1_119' title='bbox 299 1637 357 1715; x_wconf 85' lang='lat' dir='ltr'><strong>est,</strong></span> <span class='ocrx_word' id='word_1_120' title='bbox 381 1634 495 1698; x_wconf 89' lang='lat' dir='ltr'><strong>Martis</strong></span> <span class='ocrx_word' id='word_1_121' title='bbox 516 1656 593 1698; x_wconf 91' lang='lat' dir='ltr'><strong>uero</strong></span> <span class='ocrx_word' id='word_1_122' title='bbox 615 1657 719 1699; x_wconf 87' lang='lat' dir='ltr'><strong>annus</strong></span> <span class='ocrx_word' id='word_1_123' title='bbox 756 1656 808 1699; x_wconf 89' lang='lat' dir='ltr'><strong>ere</strong></span> <span class='ocrx_word' id='word_1_124' title='bbox 828 1635 1005 1702; x_wconf 90' lang='lat' dir='ltr'><strong>biennium</strong></span> <span class='ocrx_word' id='word_1_125' title='bbox 1025 1644 1113 1705; x_wconf 89' lang='lat' dir='ltr'><strong>tenet</strong></span> 
     </span>
     <span class='ocr_line' id='line_1_18' title="bbox 139 1719 1113 1802; baseline 0.007 -20"><span class='ocrx_word' id='word_1_126' title='bbox 139 1722 283 1783; x_wconf 88' lang='lat' dir='ltr'><strong>—tanto</strong></span> <span class='ocrx_word' id='word_1_127' title='bbox 298 1720 383 1783; x_wconf 86' lang='lat' dir='ltr'><strong>enim</strong></span> <span class='ocrx_word' id='word_1_128' title='bbox 398 1723 541 1802; x_wconf 88' lang='lat' dir='ltr'><strong>tempore</strong></span> <span class='ocrx_word' id='word_1_129' title='bbox 557 1719 679 1782; x_wconf 86' lang='lat' dir='ltr'><strong>caeluni</strong></span> <span class='ocrx_word' id='word_1_130' title='bbox 694 1719 888 1783; x_wconf 83' lang='lat' dir='ltr'><strong>circumit—</strong></span> <span class='ocrx_word' id='word_1_131' title='bbox 897 1719 992 1787; x_wconf 87' lang='lat' dir='ltr'><strong>Iouis</strong></span> <span class='ocrx_word' id='word_1_132' title='bbox 1008 1729 1113 1791; x_wconf 82' lang='lat' dir='ltr'><strong>antem</strong></span> 
     </span>
     <span class='ocr_line' id='line_1_19' title="bbox 137 1802 1114 1887; baseline 0.007 -20"><span class='ocrx_word' id='word_1_133' title='bbox 137 1804 231 1868; x_wconf 88' lang='lat' dir='ltr'><strong>stella</strong></span> <span class='ocrx_word' id='word_1_134' title='bbox 253 1804 419 1868; x_wconf 89' lang='lat' dir='ltr'><strong>duodecim</strong></span> <span class='ocrx_word' id='word_1_135' title='bbox 442 1809 474 1868; x_wconf 87' lang='lat' dir='ltr'><strong>et</strong></span> <span class='ocrx_word' id='word_1_136' title='bbox 495 1802 625 1868; x_wconf 84' lang='lat' dir='ltr'><strong>Saturni</strong></span> <span class='ocrx_word' id='word_1_137' title='bbox 647 1804 786 1887; x_wconf 83' lang='lat' dir='ltr'><strong>triginta</strong></span> <span class='ocrx_word' id='word_1_138' title='bbox 814 1826 917 1868; x_wconf 87' lang='lat' dir='ltr'><strong>annos</strong></span> <span class='ocrx_word' id='word_1_139' title='bbox 942 1807 980 1871; x_wconf 92' lang='lat' dir='ltr'><strong>in</strong></span> <span class='ocrx_word' id='word_1_140' title='bbox 1004 1810 1114 1876; x_wconf 83' lang='lat' dir='ltr'><strong>cadem</strong></span> 
     </span>
     <span class='ocr_line' id='line_1_20' title="bbox 101 1888 1113 1981; baseline 0.008 -29"><span class='ocrx_word' id='word_1_141' title='bbox 101 1888 357 1952; x_wconf 79' lang='lat' dir='ltr'><strong>Scireumitione</strong></span> <span class='ocrx_word' id='word_1_142' title='bbox 380 1889 548 1961; x_wconf 83' lang='lat' dir='ltr'><strong>consumit.</strong></span> <span class='ocrx_word' id='word_1_143' title='bbox 594 1888 675 1952; x_wconf 89' lang='lat' dir='ltr'><strong>haec</strong></span> <span class='ocrx_word' id='word_1_144' title='bbox 697 1890 736 1951; x_wconf 88' lang='lat' dir='ltr'><strong>dc</strong></span> <span class='ocrx_word' id='word_1_145' title='bbox 757 1888 934 1953; x_wconf 88' lang='lat' dir='ltr'><strong>luminibus</strong></span> <span class='ocrx_word' id='word_1_146' title='bbox 959 1915 1000 1958; x_wconf 90' lang='lat' dir='ltr'><strong>ac</strong></span> <span class='ocrx_word' id='word_1_147' title='bbox 1024 1896 1113 1981; x_wconf 81' lang='lat' dir='ltr'><strong>uagis</strong></span> 
     </span>
     <span class='ocr_line' id='line_1_21' title="bbox 136 1973 1140 2061; baseline -0.002 -25"><span class='ocrx_word' id='word_1_148' title='bbox 136 1977 173 2037; x_wconf 94' lang='lat' dir='ltr'><strong>nt</strong></span> <span class='ocrx_word' id='word_1_149' title='bbox 195 1995 288 2057; x_wconf 89' lang='lat' dir='ltr'><strong>saepe</strong></span> <span class='ocrx_word' id='word_1_150' title='bbox 310 1973 413 2037; x_wconf 89' lang='lat' dir='ltr'><strong>relata</strong></span> <span class='ocrx_word' id='word_1_151' title='bbox 433 1974 499 2036; x_wconf 90' lang='lat' dir='ltr'><strong>iam</strong></span> <span class='ocrx_word' id='word_1_152' title='bbox 513 1976 592 2037; x_wconf 89' lang='lat' dir='ltr'><strong>nota</strong></span> <span class='ocrx_word' id='word_1_153' title='bbox 606 1976 691 2037; x_wconf 86' lang='lat' dir='ltr'><strong>sunt.</strong></span> <span class='ocrx_word' id='word_1_154' title='bbox 738 1995 841 2037; x_wconf 89' lang='lat' dir='ltr'><strong>annus</strong></span> <span class='ocrx_word' id='word_1_155' title='bbox 856 1996 934 2038; x_wconf 93' lang='lat' dir='ltr'><strong>uero</strong></span> <span class='ocrx_word' id='word_1_156' title='bbox 949 1978 1010 2061; x_wconf 90' lang='lat' dir='ltr'><strong>qui</strong></span> <span class='ocrx_word' id='word_1_157' title='bbox 1025 1996 1140 2045; x_wconf 80' lang='lat' dir='ltr'><strong>mun-s</strong></span> 
     </span>
     <span class='ocr_line' id='line_1_22' title="bbox 137 2058 1114 2143; baseline 0.01 -21"><span class='ocrx_word' id='word_1_158' title='bbox 137 2058 239 2122; x_wconf 90' lang='lat' dir='ltr'><strong>danus</strong></span> <span class='ocrx_word' id='word_1_159' title='bbox 262 2062 405 2140; x_wconf 81' lang='lat' dir='ltr'><strong>uocatur,</strong></span> <span class='ocrx_word' id='word_1_160' title='bbox 429 2058 485 2142; x_wconf 91' lang='lat' dir='ltr'><strong>qui</strong></span> <span class='ocrx_word' id='word_1_161' title='bbox 506 2080 598 2122; x_wconf 89' lang='lat' dir='ltr'><strong>nere</strong></span> <span class='ocrx_word' id='word_1_162' title='bbox 620 2061 784 2122; x_wconf 87' lang='lat' dir='ltr'><strong>uertens</strong></span> <span class='ocrx_word' id='word_1_163' title='bbox 800 2061 859 2140; x_wconf 80' lang='lat' dir='ltr'><strong>est,</strong></span> <span class='ocrx_word' id='word_1_164' title='bbox 884 2060 965 2143; x_wconf 88' lang='lat' dir='ltr'><strong>quia</strong></span> <span class='ocrx_word' id='word_1_165' title='bbox 981 2085 1114 2131; x_wconf 87' lang='lat' dir='ltr'><strong>conuer-</strong></span> 
     </span>
     <span class='ocr_line' id='line_1_23' title="bbox 137 2142 1115 2228; baseline 0.012 -23"><span class='ocrx_word' id='word_1_166' title='bbox 137 2144 226 2207; x_wconf 88' lang='lat' dir='ltr'><strong>sione</strong></span> <span class='ocrx_word' id='word_1_167' title='bbox 248 2143 363 2226; x_wconf 86' lang='lat' dir='ltr'><strong>plenae</strong></span> <span class='ocrx_word' id='word_1_168' title='bbox 376 2143 597 2207; x_wconf 88' lang='lat' dir='ltr'><strong>uniuersitatis</strong></span> <span class='ocrx_word' id='word_1_169' title='bbox 613 2142 769 2225; x_wconf 81' lang='lat' dir='ltr'><strong>efficitur,</strong></span> <span class='ocrx_word' id='word_1_170' title='bbox 792 2142 990 2228; x_wconf 80' lang='lat' dir='ltr'><strong>largissimis</strong></span> <span class='ocrx_word' id='word_1_171' title='bbox 1006 2172 1115 2216; x_wconf 88' lang='lat' dir='ltr'><strong>saecu·</strong></span> 
     </span>
     <span class='ocr_line' id='line_1_24' title="bbox 100 2226 1115 2310; baseline 0.013 -21"><span class='ocrx_word' id='word_1_172' title='bbox 100 2226 174 2290; x_wconf 73' lang='lat' dir='ltr'><strong>alis</strong></span> <span class='ocrx_word' id='word_1_173' title='bbox 203 2227 396 2310; x_wconf 80' lang='lat' dir='ltr'><strong>explicatur,</strong></span> <span class='ocrx_word' id='word_1_174' title='bbox 426 2228 512 2291; x_wconf 88' lang='lat' dir='ltr'><strong>cuius</strong></span> <span class='ocrx_word' id='word_1_175' title='bbox 540 2229 623 2291; x_wconf 87' lang='lat' dir='ltr'><strong>ratio</strong></span> <span class='ocrx_word' id='word_1_176' title='bbox 651 2226 725 2291; x_wconf 89' lang='lat' dir='ltr'><strong>talis</strong></span> <span class='ocrx_word' id='word_1_177' title='bbox 754 2230 812 2292; x_wconf 86' lang='lat' dir='ltr'><strong>est.</strong></span> <span class='ocrx_word' id='word_1_178' title='bbox 858 2229 975 2296; x_wconf 84' lang='lat' dir='ltr'><strong>stellae</strong></span> <span class='ocrx_word' id='word_1_179' title='bbox 1002 2256 1115 2301; x_wconf 82' lang='lat' dir='ltr'><strong>omnes</strong></span> 
     </span>
     <span class='ocr_line' id='line_1_25' title="bbox 137 2312 1116 2398; baseline 0.008 -23"><span class='ocrx_word' id='word_1_180' title='bbox 137 2315 169 2375; x_wconf 92' lang='lat' dir='ltr'><strong>et</strong></span> <span class='ocrx_word' id='word_1_181' title='bbox 184 2313 288 2376; x_wconf 89' lang='lat' dir='ltr'><strong>sidera</strong></span> <span class='ocrx_word' id='word_1_182' title='bbox 304 2334 384 2395; x_wconf 87' lang='lat' dir='ltr'><strong>quae</strong></span> <span class='ocrx_word' id='word_1_183' title='bbox 399 2313 499 2376; x_wconf 88' lang='lat' dir='ltr'><strong>infixa</strong></span> <span class='ocrx_word' id='word_1_184' title='bbox 515 2313 603 2377; x_wconf 86' lang='lat' dir='ltr'><strong>caelo</strong></span> <span class='ocrx_word' id='word_1_185' title='bbox 618 2312 777 2395; x_wconf 85' lang='lat' dir='ltr'><strong>uidentur,</strong></span> <span class='ocrx_word' id='word_1_186' title='bbox 794 2334 930 2396; x_wconf 90' lang='lat' dir='ltr'><strong>quorum</strong></span> <span class='ocrx_word' id='word_1_187' title='bbox 943 2337 1007 2398; x_wconf 92' lang='lat' dir='ltr'><strong>pro</strong></span> <span class='ocrx_word' id='word_1_188' title='bbox 1033 2322 1116 2385; x_wconf 84' lang='lat' dir='ltr'><strong>rium</strong></span> 
     </span>
     <span class='ocr_line' id='line_1_26' title="bbox 135 2342 1142 2489; baseline 0.011 -30"><span class='ocrx_word' id='word_1_189' title='bbox 135 2400 258 2460; x_wconf 90' lang='lat' dir='ltr'><strong>motum</strong></span> <span class='ocrx_word' id='word_1_190' title='bbox 285 2419 458 2480; x_wconf 88' lang='lat' dir='ltr'><strong>numquam</strong></span> <span class='ocrx_word' id='word_1_191' title='bbox 485 2397 572 2460; x_wconf 88' lang='lat' dir='ltr'><strong>uisus</strong></span> <span class='ocrx_word' id='word_1_192' title='bbox 598 2396 758 2461; x_wconf 88' lang='lat' dir='ltr'><strong>humanus</strong></span> <span class='ocrx_word' id='word_1_193' title='bbox 780 2398 899 2461; x_wconf 86' lang='lat' dir='ltr'><strong>sentire</strong></span> <span class='ocrx_word' id='word_1_194' title='bbox 922 2401 978 2464; x_wconf 91' lang='lat' dir='ltr'><strong>uel</strong></span> <span class='ocrx_word' id='word_1_195' title='bbox 1002 2342 1142 2489; x_wconf 70' lang='lat' dir='ltr'><strong>depres</strong></span> 
     </span>
     <span class='ocr_line' id='line_1_27' title="bbox 135 2480 1116 2564; baseline 0.009 -20"><span class='ocrx_word' id='word_1_196' title='bbox 135 2480 275 2546; x_wconf 89' lang='lat' dir='ltr'><strong>hendere</strong></span> <span class='ocrx_word' id='word_1_197' title='bbox 302 2483 425 2563; x_wconf 86' lang='lat' dir='ltr'><strong>potest,</strong></span> <span class='ocrx_word' id='word_1_198' title='bbox 456 2485 626 2543; x_wconf 87' lang='lat' dir='ltr'><strong>mouentur</strong></span> <span class='ocrx_word' id='word_1_199' title='bbox 653 2485 779 2563; x_wconf 82' lang='lat' dir='ltr'><strong>tamen,</strong></span> <span class='ocrx_word' id='word_1_200' title='bbox 808 2485 841 2546; x_wconf 92' lang='lat' dir='ltr'><strong>et</strong></span> <span class='ocrx_word' id='word_1_201' title='bbox 869 2488 1003 2564; x_wconf 81' lang='lat' dir='ltr'><strong>praeter</strong></span> <span class='ocrx_word' id='word_1_202' title='bbox 1036 2490 1116 2555; x_wconf 81' lang='lat' dir='ltr'><strong>caeli</strong></span> 
     </span>
     <span class='ocr_line' id='line_1_28' title="bbox 135 2566 1116 2660; baseline 0.01 -33"><span class='ocrx_word' id='word_1_203' title='bbox 135 2566 385 2643; x_wconf 82' lang='lat' dir='ltr'><strong>uolubilitatem,</strong></span> <span class='ocrx_word' id='word_1_204' title='bbox 420 2584 483 2646; x_wconf 90' lang='lat' dir='ltr'><strong>qua</strong></span> <span class='ocrx_word' id='word_1_205' title='bbox 516 2585 642 2647; x_wconf 86' lang='lat' dir='ltr'><strong>semper</strong></span> <span class='ocrx_word' id='word_1_206' title='bbox 670 2566 858 2647; x_wconf 83' lang='lat' dir='ltr'><strong>trahuntur,</strong></span> <span class='ocrx_word' id='word_1_207' title='bbox 891 2589 951 2632; x_wconf 86' lang='lat' dir='ltr'><strong>suo</strong></span> <span class='ocrx_word' id='word_1_208' title='bbox 985 2593 1116 2660; x_wconf 89' lang='lat' dir='ltr'><strong>quoquc</strong></span> 
     </span>
     <span class='ocr_line' id='line_1_29' title="bbox 136 2650 1116 2732; baseline 0.014 -21"><span class='ocrx_word' id='word_1_209' title='bbox 136 2671 265 2713; x_wconf 88' lang='lat' dir='ltr'><strong>accessu</strong></span> <span class='ocrx_word' id='word_1_210' title='bbox 286 2651 353 2709; x_wconf 87' lang='lat' dir='ltr'><strong>tam</strong></span> <span class='ocrx_word' id='word_1_211' title='bbox 376 2667 445 2710; x_wconf 87' lang='lat' dir='ltr'><strong>sero</strong></span> <span class='ocrx_word' id='word_1_212' title='bbox 467 2653 710 2732; x_wconf 66' lang='lat' dir='ltr'><strong>premonemur,</strong></span> <span class='ocrx_word' id='word_1_213' title='bbox 739 2656 775 2715; x_wconf 91' lang='lat' dir='ltr'><strong>ut</strong></span> <span class='ocrx_word' id='word_1_214' title='bbox 796 2650 916 2715; x_wconf 91' lang='lat' dir='ltr'><strong>nullius</strong></span> <span class='ocrx_word' id='word_1_215' title='bbox 940 2652 1116 2724; x_wconf 91' lang='lat' dir='ltr'><strong>hominum</strong></span> 
     </span>
     <span class='ocr_line' id='line_1_30' title="bbox 135 2730 1116 2816; baseline 0.013 -20"><span class='ocrx_word' id='word_1_216' title='bbox 135 2734 203 2796; x_wconf 89' lang='lat' dir='ltr'><strong>uita</strong></span> <span class='ocrx_word' id='word_1_217' title='bbox 224 2736 292 2794; x_wconf 84' lang='lat' dir='ltr'><strong>tam</strong></span> <span class='ocrx_word' id='word_1_218' title='bbox 313 2730 412 2815; x_wconf 85' lang='lat' dir='ltr'><strong>longa</strong></span> <span class='ocrx_word' id='word_1_219' title='bbox 434 2732 477 2796; x_wconf 89' lang='lat' dir='ltr'><strong>sit</strong></span> <span class='ocrx_word' id='word_1_220' title='bbox 498 2754 579 2816; x_wconf 88' lang='lat' dir='ltr'><strong>quae</strong></span> <span class='ocrx_word' id='word_1_221' title='bbox 605 2735 829 2799; x_wconf 87' lang='lat' dir='ltr'><strong>obseruatione</strong></span> <span class='ocrx_word' id='word_1_222' title='bbox 857 2738 1021 2806; x_wconf 80' lang='lat' dir='ltr'><strong>continua</strong></span> <span class='ocrx_word' id='word_1_223' title='bbox 1050 2746 1116 2809; x_wconf 81' lang='lat' dir='ltr'><strong>sac-</strong></span> 
     </span>
     <span class='ocr_line' id='line_1_31' title="bbox 134 2814 1141 2904; baseline 0.003 -24"><span class='ocrx_word' id='word_1_224' title='bbox 134 2822 203 2880; x_wconf 90' lang='lat' dir='ltr'><strong>tum</strong></span> <span class='ocrx_word' id='word_1_225' title='bbox 236 2816 274 2877; x_wconf 92' lang='lat' dir='ltr'><strong>de</strong></span> <span class='ocrx_word' id='word_1_226' title='bbox 306 2814 376 2879; x_wconf 87' lang='lat' dir='ltr'><strong>loeo</strong></span> <span class='ocrx_word' id='word_1_227' title='bbox 407 2819 691 2901; x_wconf 85' lang='lat' dir='ltr'><strong>permutationem,</strong></span> <span class='ocrx_word' id='word_1_228' title='bbox 725 2820 760 2883; x_wconf 92' lang='lat' dir='ltr'><strong>in</strong></span> <span class='ocrx_word' id='word_1_229' title='bbox 787 2842 849 2904; x_wconf 94' lang='lat' dir='ltr'><strong>quo</strong></span> <span class='ocrx_word' id='word_1_230' title='bbox 878 2842 933 2884; x_wconf 86' lang='lat' dir='ltr'><strong>eas</strong></span> <span class='ocrx_word' id='word_1_231' title='bbox 991 2827 1141 2895; x_wconf 81' lang='lat' dir='ltr'><strong>rimnme</strong></span> 
     </span>
     <span class='ocr_line' id='line_1_32' title="bbox 86 2900 1116 2989; baseline 0.011 -27"><span class='ocrx_word' id='word_1_232' title='bbox 86 2901 127 2964; x_wconf 82' lang='lat'><strong>10</strong></span> <span class='ocrx_word' id='word_1_233' title='bbox 136 2901 260 2963; x_wconf 88' lang='lat' dir='ltr'><strong>uiderat</strong></span> <span class='ocrx_word' id='word_1_234' title='bbox 267 2949 275 2980; x_wconf 87' lang='grc'>,</span> <span class='ocrx_word' id='word_1_235' title='bbox 300 2900 527 2985; x_wconf 85' lang='lat' dir='ltr'><strong>deprehendat.</strong></span> <span class='ocrx_word' id='word_1_236' title='bbox 572 2905 728 2968; x_wconf 89' lang='lat' dir='ltr'><strong>mundani</strong></span> <span class='ocrx_word' id='word_1_237' title='bbox 750 2927 827 2989; x_wconf 85' lang='lat' dir='ltr'><strong>ergo</strong></span> <span class='ocrx_word' id='word_1_238' title='bbox 849 2906 929 2969; x_wconf 86' lang='lat' dir='ltr'><strong>anni</strong></span> <span class='ocrx_word' id='word_1_239' title='bbox 1010 2913 1042 2977; x_wconf 86' lang='lat' dir='ltr'><strong>is</strong></span> <span class='ocrx_word' id='word_1_240' title='bbox 1068 2920 1116 2979; x_wconf 80' lang='lat' dir='ltr'><strong>est.</strong></span> 
     </span>
     <span class='ocr_line' id='line_1_33' title="bbox 136 2983 1115 3084; baseline 0.015 -36"><span class='ocrx_word' id='word_1_241' title='bbox 136 3006 208 3048; x_wconf 92' lang='lat' dir='ltr'><strong>cum</strong></span> <span class='ocrx_word' id='word_1_242' title='bbox 235 2983 344 3048; x_wconf 88' lang='lat' dir='ltr'><strong>stellae</strong></span> <span class='ocrx_word' id='word_1_243' title='bbox 373 3007 482 3051; x_wconf 87' lang='lat' dir='ltr'><strong>omnes</strong></span> <span class='ocrx_word' id='word_1_244' title='bbox 511 2988 680 3071; x_wconf 85' lang='lat' dir='ltr'><strong>omniaque</strong></span> <span class='ocrx_word' id='word_1_245' title='bbox 709 2989 813 3053; x_wconf 86' lang='lat' dir='ltr'><strong>sidera</strong></span> <span class='ocrx_word' id='word_1_246' title='bbox 841 3011 924 3072; x_wconf 86' lang='lat' dir='ltr'><strong>quae</strong></span> <span class='ocrx_word' id='word_1_247' title='bbox 953 2991 1115 3084; x_wconf 75' lang='grc' dir='ltr'><em>ἀπλανής</em></span> 
     </span>
    </p>
   </div>
   <div class='ocr_carea' id='block_1_5' title="bbox 130 3205 1114 3547">
    <p class='ocr_par' dir='ltr' id='par_1_7' title="bbox 130 3205 1114 3547">
     <span class='ocr_line' id='line_1_34' title="bbox 203 3205 1114 3285; baseline 0.019 -30"><span class='ocrx_word' id='word_1_248' title='bbox 203 3208 343 3285; x_wconf 77' lang='lat' dir='ltr'><strong>2moetas</strong></span> <span class='ocrx_word' id='word_1_249' title='bbox 357 3210 382 3258; x_wconf 88' lang='lat' dir='ltr'><em>B</em></span> <span class='ocrx_word' id='word_1_250' title='bbox 435 3210 592 3261; x_wconf 82' lang='lat' dir='ltr'><strong>assertionis</strong></span> <span class='ocrx_word' id='word_1_251' title='bbox 605 3213 630 3262; x_wconf 91' lang='lat' dir='ltr'><em>B</em></span> <span class='ocrx_word' id='word_1_252' title='bbox 684 3205 823 3263; x_wconf 82' lang='lat' dir='ltr'><strong>411ro</strong></span> <span class='ocrx_word' id='word_1_253' title='bbox 873 3216 1037 3270; x_wconf 68' lang='lat' dir='ltr'><strong>demensio</strong></span> <span class='ocrx_word' id='word_1_254' title='bbox 1055 3214 1114 3273; x_wconf 86' lang='lat' dir='ltr'><strong>P&#39;B</strong></span> 
     </span>
     <span class='ocr_line' id='line_1_35' title="bbox 134 3274 1114 3343; baseline 0.012 -19"><span class='ocrx_word' id='word_1_255' title='bbox 134 3275 265 3338; x_wconf 71' lang='lat' dir='ltr'><strong>ssqneB</strong></span> <span class='ocrx_word' id='word_1_256' title='bbox 325 3292 403 3328; x_wconf 83' lang='lat' dir='ltr'><strong>mene</strong></span> <span class='ocrx_word' id='word_1_257' title='bbox 422 3278 471 3326; x_wconf 91' lang='lat' dir='ltr'><strong>PB</strong></span> <span class='ocrx_word' id='word_1_258' title='bbox 523 3282 555 3328; x_wconf 90' lang='lat'><strong>10</strong></span> <span class='ocrx_word' id='word_1_259' title='bbox 573 3279 685 3343; x_wconf 87' lang='lat' dir='ltr'><strong>durique</strong></span> <span class='ocrx_word' id='word_1_260' title='bbox 703 3274 738 3329; x_wconf 86' lang='lat' dir='ltr'><strong>B‘</strong></span> <span class='ocrx_word' id='word_1_261' title='bbox 792 3285 820 3330; x_wconf 92' lang='grc'><strong>11</strong></span> <span class='ocrx_word' id='word_1_262' title='bbox 842 3281 970 3333; x_wconf 80' lang='lat' dir='ltr'><strong>breuital</strong></span> <span class='ocrx_word' id='word_1_263' title='bbox 984 3280 1024 3335; x_wconf 87' lang='lat' dir='ltr'><strong>B&#39;</strong></span> <span class='ocrx_word' id='word_1_264' title='bbox 1083 3294 1114 3342; x_wconf 77' lang='lat'><strong>13</strong></span> 
     </span>
     <span class='ocr_line' id='line_1_36' title="bbox 134 3340 1114 3423; baseline 0.012 -30"><span class='ocrx_word' id='word_1_265' title='bbox 134 3343 340 3395; x_wconf 60' lang='lat' dir='ltr'><strong>Aenillesi</strong></span> <span class='ocrx_word' id='word_1_266' title='bbox 410 3347 641 3410; x_wconf 82' lang='lat' dir='ltr'><strong>ltparpeneB</strong></span> <span class='ocrx_word' id='word_1_267' title='bbox 711 3351 742 3398; x_wconf 85' lang='lat'><strong>16</strong></span> <span class='ocrx_word' id='word_1_268' title='bbox 760 3340 872 3414; x_wconf 56' lang='lat' dir='ltr'><strong>persis</strong></span> <span class='ocrx_word' id='word_1_269' title='bbox 924 3353 958 3402; x_wconf 88' lang='lat'><strong>18</strong></span> <span class='ocrx_word' id='word_1_270' title='bbox 977 3358 1071 3423; x_wconf 83' lang='lat' dir='ltr'><strong>trigin</strong></span> <span class='ocrx_word' id='word_1_271' title='bbox 1089 3362 1114 3409; x_wconf 77' lang='lat' dir='ltr'><strong>iii</strong></span> 
     </span>
     <span class='ocr_line' id='line_1_37' title="bbox 134 3413 1112 3479; baseline 0.014 -21"><span class='ocrx_word' id='word_1_272' title='bbox 134 3419 202 3462; x_wconf 78' lang='lat' dir='ltr'><strong>enlr.</strong></span> <span class='ocrx_word' id='word_1_273' title='bbox 222 3415 314 3465; x_wconf 81' lang='lat' dir='ltr'><strong>uersic.</strong></span> <span class='ocrx_word' id='word_1_274' title='bbox 332 3413 358 3462; x_wconf 89' lang='lat' dir='ltr'><em>B</em></span> <span class='ocrx_word' id='word_1_275' title='bbox 428 3416 459 3463; x_wconf 85' lang='grc'><strong>19</strong></span> <span class='ocrx_word' id='word_1_276' title='bbox 478 3420 642 3465; x_wconf 80' lang='lat' dir='ltr'><strong>circuitione</strong></span> <span class='ocrx_word' id='word_1_277' title='bbox 660 3416 686 3464; x_wconf 91' lang='lat' dir='ltr'><em>B</em></span> <span class='ocrx_word' id='word_1_278' title='bbox 773 3419 806 3467; x_wconf 82' lang='lat'><strong>⁴28</strong></span> <span class='ocrx_word' id='word_1_279' title='bbox 827 3424 963 3479; x_wconf 71' lang='lat' dir='ltr'><strong>pmouent</strong></span> <span class='ocrx_word' id='word_1_280' title='bbox 980 3422 1009 3470; x_wconf 92' lang='lat' dir='ltr'><em>P</em></span> <span class='ocrx_word' id='word_1_281' title='bbox 1080 3430 1112 3478; x_wconf 81' lang='lat'><strong>31</strong></span> 
     </span>
     <span class='ocr_line' id='line_1_38' title="bbox 130 3473 588 3547; baseline 0.002 -18"><span class='ocrx_word' id='word_1_282' title='bbox 130 3479 234 3532; x_wconf 87' lang='lat' dir='ltr'><strong>munda</strong></span> <span class='ocrx_word' id='word_1_283' title='bbox 252 3473 285 3531; x_wconf 87' lang='lat' dir='ltr'><strong>P&#39;</strong></span> <span class='ocrx_word' id='word_1_284' title='bbox 353 3483 386 3533; x_wconf 78' lang='lat'><strong>32</strong></span> <span class='ocrx_word' id='word_1_285' title='bbox 405 3480 522 3547; x_wconf 83' lang='lat' dir='ltr'><strong>aplanes</strong></span> <span class='ocrx_word' id='word_1_286' title='bbox 539 3482 588 3530; x_wconf 90' lang='lat' dir='ltr'><strong>PB</strong></span> 
     </span>
    </p>
   </div>
   <div class='ocr_carea' id='block_1_6' title="bbox 0 0 1186 3878">
    <p class='ocr_par' dir='ltr' id='par_1_8' title="bbox 0 0 1186 3878">
     <span class='ocr_line' id='line_1_39' title="bbox 0 0 1186 3878; baseline 0 2"><span class='ocrx_word' id='word_1_287' title='bbox 0 0 1186 3878; x_wconf 95' lang='lat' dir='ltr'><strong> </strong></span> 
     </span>
    </p>
   </div>
  </div>
 </body>
</html>
