2362 3878
465 195 489 260 1,
505 191 531 241 7.
556 196 592 261 11,
608 188 681 239 1-9
1039 180 1058 244 7

44 375 51 434 j
101 350 237 433 optimum
253 348 365 411 uisum
381 350 445 430 est,
468 349 518 430 ut,
542 351 696 430 quantum
711 368 867 412 cessarea
891 370 1056 413 causarum

44 458 51 465 ·
101 432 270 499 defensione
286 432 449 514 licuisset,
472 434 598 495 tantum
613 432 652 495 ad
675 431 869 496 eruditorum
890 433 1057 498 hominum

44 528 49 564 ¹
100 519 187 602 tuique
223 518 385 581 similium
414 538 620 600 congressum
648 516 786 600 aliquem
816 538 1056 601 sermonemque

44 626 47 632 ·
101 604 271 666 conferrem.
318 622 423 684 neque
452 601 537 665 enim
566 604 652 665 recte
673 601 840 664 institutus
863 602 988 665 animus
1005 604 1095 667 ·re-4

44 690 55 728 'f
84 688 245 770 quiescere
277 690 336 750 aut
364 685 474 749 utilius
506 689 561 749 aut
586 685 751 750 honestius
776 708 910 770 usquam
939 689 1056 769 potest,

100 792 177 855 quam
191 773 228 835 in
251 772 361 853 aliqua
383 771 599 854 oportunitate
622 771 714 834 docte
736 792 773 834 ac
796 771 972 835 liberaliter
994 772 1056 834 col·

99 854 124 919 lo
142 857 250 939 uendi,
279 856 402 918 interro
428 854 565 938 audique
593 858 626 919 et
651 855 866 938 respondendi
895 856 1055 920 comitate.

157 941 319 1025 quodnam
340 877 427 1003 istud
442 939 647 1003 conuiuium?
685 961 727 1003 an
748 961 823 1003 uero
846 940 1094 1005 dubitandumh

66 1029 230 1194 ’attath'
250 1023 1058 1193 lttsstltdtttttssttttttttt

95 1193 265 1316 discurrens
293 1196 369 1278 post
396 1193 480 1256 inter
507 1193 647 1277 reliquos
674 1197 766 1278 grata
794 1194 980 1258 uicissitudo
1004 1216 1057 1257 ua-

93 1280 288 1427 rlalllldecius
317 1363 368 1426 ‘de
395 1362 457 1427 hoe
484 1363 553 1444 ipso
583 1363 759 1445 quaesitum
786 1364 880 1428 venio
904 1367 936 1428 et
958 1364 1057 1447 expli-

93 1470 136 1521 ces
162 1449 262 1512 uelim
291 1448 384 1530 quale
419 1446 498 1510 illud
526 1447 708 1510 conuiuium
743 1448 854 1530 fuerit,
888 1471 906 1511 a
934 1470 996 1532 quo
1024 1452 1056 1512 te

43 1532 202 1621 pucduisse
218 1618 225 1630 ι
232 1535 366 1616 propter
389 1531 584 1615 singularem
607 1532 749 1595 omnium
771 1533 805 1595 in
827 1538 859 1596 te
881 1534 1056 1597 amicitiam

90 1639 149 1682 non
166 1639 394 1798 sshdddiriianus
411 1700 595 1796 ‘noluissem
623 1701 768 1783 equidem
796 1723 899 1784 neque
926 1702 960 1765 id
983 1703 1094 1785 illiso

88 1791 121 1851 ut
140 1787 275 1851 aestimo
282 1835 291 1869 ,
319 1788 481 1869 mgratum
509 1784 637 1867 fuisset,
667 1785 722 1849 sed
750 1807 823 1850 cum
851 1790 958 1850 essent
980 1787 1056 1850 ami-

90 1892 194 1936 corum
211 1870 392 1953 complures
406 1869 488 1933 mihi
510 1890 622 1933 causae
644 1869 709 1932 illis
733 1870 843 1934 diebus
865 1892 1056 1954 pemosceu·

57 1954 160 2038 udae,
188 1956 230 2020 ad
253 1977 366 2020 cenam
388 1957 457 2018 tum
479 1957 628 2039 rogatus,
656 1954 832 2019 meditandi
854 1976 921 2019 non
943 1955 1057 2019 edendi

88 2040 164 2104 illud
188 2040 272 2104 mihi
298 2043 426 2122 tempus
454 2060 523 2103 esse
550 2039 719 2121 respondi,
749 2039 957 2122 hortatusque
986 2062 1057 2103 sum

89 2128 126 2187 ut
138 2125 232 2189 ulium
245 2124 356 2209 potius
371 2123 460 2187 nullo
476 2122 658 2187 inuolutum
672 2124 804 2207 negotio
827 2126 920 2206 atque
943 2145 962 2185 a
984 2144 1058 2186 eura

56 2222 61 2243 ³
88 2208 220 2274 liberum
242 2211 440 2294 quaererent.
478 2208 586 2290 itaque
608 2206 729 2270 factum
751 2210 809 2271 est.
851 2228 927 2270 nam
949 2207 1093 2272 iacun-d

89 2293 160 2361 dum
187 2298 220 2359 et
247 2294 409 2358 eruditum
438 2293 542 2356 uirum
548 2342 557 2374 ,
587 2291 764 2356 Eusebium
791 2292 952 2356 rhetorem
974 2292 1058 2354 inter

55 2396 79 2437 ὅ
89 2377 224 2444 Graecos
239 2381 458 2463 praestantem
473 2377 620 2441 omnibus
636 2376 722 2441 idem
742 2380 853 2442 nostre
868 2380 971 2440 aetate
985 2398 1057 2460 pro·

88 2462 191 2547 fessis,
214 2463 379 2528 doctrinae
401 2462 536 2526 Latiaris
558 2461 642 2525 haud
664 2462 814 2545 inscium,
837 2460 1058 2526 Praetextatus

88 2569 190 2613 meum
211 2549 248 2612 in
269 2549 377 2619 locum
398 2547 529 2611 inuitari
551 2547 742 2629 imperauit)

167 2632 288 2697 Decius
305 2632 401 2695 ‘unde
416 2631 515 2716 igitur
530 2631 586 2694 illa
600 2630 660 2693 tibi
674 2634 752 2694 nota
775 2634 864 2714 sunt,
888 2653 967 2715 quae
988 2634 1056 2694 tam
1072 2633 1091 2697 8

89 2716 221 2782 iucunde
245 2721 278 2781 et
300 2716 434 2781 comiter
456 2715 496 2780 ad
517 2714 746 2779 instituendam
768 2716 869 2781 uitam
892 2716 1056 2799 exemplis,

60 2804 124 2865 aut
148 2802 258 2885 audio,
294 2823 402 2865 rerum
431 2799 660 2884 copiosissimis
688 2803 720 2863 et
752 2801 858 2865 uariae
891 2801 1057 2864 doctrinae

91 2884 229 2950 ubertate
251 2885 378 2970 prolata
401 2885 587 2970 digestaque
609 2883 720 2947 sunt?’

167 2970 398 3035 Postumianus
415 2978 500 3033 ‘cum
516 2968 679 3032 solstitiali
695 2968 760 3053 die,
784 2971 839 3052 qui
861 2969 1057 3035 Saturnalio·
1075 2972 1095 3036 9

155 3163 168 3210 1
187 3160 275 3210 mlum
294 3175 342 3211 om.
360 3160 386 3208 P
435 3159 495 3209 sere
512 3162 539 3210 in
558 3158 662 3209 cessare
680 3161 706 3208 in
724 3174 778 3208 ros.
794 3159 821 3208 in
833 3160 859 3208 P
925 3162 941 3210 3
960 3158 1059 3209 sermo·

93 3240 174 3277 uem*
192 3230 253 3292 (suit
274 3227 490 3292 sermonemque)
510 3228 536 3276 P
603 3229 618 3277 7
637 3231 794 3290 commntate
813 3227 838 3276 B
910 3227 1064 3278 13Dee1us

93 3308 134 3343 ou.
154 3296 178 3344 B
250 3293 481 3361 15ablu1sse(P)
552 3295 869 3360 usstandands
922 3298 954 3345 21
974 3292 1062 3344 eeal’

96 3362 126 3410 24
143 3364 320 3415 rethoremB
373 3361 509 3413 rethorem
528 3362 704 3414 eusebiumP
770 3364 803 3412 28
820 3354 951 3413 Dom·B‘
1003 3368 1060 3410 tum

95 3432 206 3548 melandre
217 3432 277 3549 ἔΡ
346 3430 573 3481 restruendam
590 3422 624 3477 B‘
696 3432 728 3482 32
746 3431 768 3480 P
786 3446 834 3481 om.
853 3422 885 3480 B'
935 3427 1061 3480 iolltrtr·

158 3515 183 3550 re
