2362 3878
405 197 434 260 1,
451 191 571 242 24—25.
601 196 644 261 11,
663 190 751 240 1-11
1002 181 1063 247 577

95 357 165 418 tum
193 348 384 446 subicienda·
406 369 473 445 non
494 348 612 446 sensui.
657 347 769 413 dieunt
796 349 881 446 enim
908 355 1065 435 punctum

96 433 763 614 fructutranssumere?
778 432 1065 603 lttttdtuthli

97 606 204 671 nullas
225 607 333 689 partes
361 603 462 667 diuidi
488 605 598 686 poss1t.
643 601 703 666 hoc
734 606 934 686 protractum
966 605 1102 672 efficito

71 691 229 772 elimam,
257 689 290 752 id
319 691 367 752 est
401 709 515 771 corpus
547 687 641 751 unius
675 687 897 752 dimensionis:
930 688 1064 774 longum

97 778 146 840 est
168 775 254 840 enim
276 774 345 837 sine
366 772 435 835 lato
456 772 526 836 sine
549 771 630 855 alto,
660 774 692 834 et
720 772 841 836 duobus
868 774 998 857 punctis
1025 796 1064 838 ex

95 863 230 943 utraque
251 861 345 942 parte
360 857 461 921 solam
474 855 711 942 longitudinem
725 857 974 922 terminantibus
991 880 1063 923 con·
1162 870 1166 883 ²

95 945 228 1009 tinetur.
272 943 357 1007 hanc
383 941 504 1005 lineam
531 942 558 1005 si
587 941 819 1026 geminaueris,
842 941 978 1007 alterum
999 945 1100 1008 mad

96 1028 306 1092 thematicum
329 1047 441 1110 eorpus
464 1026 600 1109 efficies,
623 1026 706 1110 quod
721 1026 843 1091 duabus
859 1026 1064 1092 dimensioni·

58 1133 83 1173 ιο
96 1113 156 1178 bus
178 1112 384 1194 aestimatur,
407 1110 505 1195 longo
520 1110 648 1195 latoque
671 1113 725 1175 sed
747 1111 813 1175 alto
834 1115 922 1177 caret
950 1115 983 1176 et
1002 1112 1063 1177 hoe

96 1201 144 1262 est
160 1196 243 1282 quod
258 1196 342 1280 apud
358 1195 429 1259 illos
444 1195 628 1279 superficies
643 1199 786 1278 uocatur,
810 1192 940 1279 punctis
956 1201 1063 1261 autern

95 1285 245 1366 quattuor
267 1282 450 1346 sentinetur
471 1280 505 1344 id
527 1283 576 1344 est
598 1302 655 1365 per
676 1280 820 1365 singulas
841 1281 944 1345 lineas
965 1282 1060 1346 binis.

95 1368 123 1430 si
145 1387 221 1430 uero
242 1364 304 1429 hae
326 1366 408 1429 duae
430 1365 535 1429 lineae
556 1364 680 1430 fuerint
702 1364 899 1449 duplicatae,
929 1368 965 1430 ut
992 1367 1098 1431 sub-l

94 1451 187 1514 iectis
210 1449 332 1513 duabus
354 1450 435 1514 duae
457 1454 724 1534 superponantur,
750 1451 906 1515 adicietur
931 1451 1063 1534 profun-
1148 1466 1152 1473 '

57 1554 82 1594 15
95 1535 179 1598 ditas
209 1536 241 1598 et
268 1532 345 1597 hinc
379 1533 515 1598 solidum
549 1556 663 1619 corpus
697 1535 850 1619 efficitur,
883 1534 967 1619 quod
994 1536 1064 1600 sine

95 1619 192 1683 dubio
218 1620 290 1682 octo
318 1618 445 1702 angulis
473 1618 707 1702 continebitur,
742 1621 826 1703 quod
857 1619 1001 1684 uidemus
1028 1621 1063 1684 in

94 1707 231 1785 tessera,
261 1724 342 1800 quae
375 1701 498 1767 Graeco
531 1704 661 1768 nomine
689 1703 794 1786 κύβος
826 1707 970 1768 uocatur.
1014 1704 1100 1769 his8

95 1787 297 1872 geometricis
320 1787 499 1852 rationibus
522 1787 702 1872 adplicatur
716 1790 833 1851 natura
847 1808 1061 1872 numerorum,

95 1875 128 1936 et
149 1893 261 1936 monas
276 1875 432 1954 punctum
451 1873 601 1954 putatur,
625 1873 701 1955 quia
722 1871 806 1935 sient
825 1880 981 1954 punctum
997 1893 1063 1936 cor-

57 1977 83 2016 20
96 1977 156 2040 pus
178 1977 245 2020 non
268 1957 317 2019 est
339 1955 393 2018 sed
416 1977 455 2018 ex
478 1977 511 2018 se
532 1954 614 2019 facit
642 1976 774 2039 corpora
801 1955 849 2019 ita
870 1976 983 2020 monas
1004 1979 1063 2022 nu-

94 2062 200 2104 merus
223 2060 381 2104 essenon
403 2038 597 2103 dicitursed
624 2040 715 2124 origo
741 2060 956 2104 numerorum.
1000 2042 1100 2126 pri-9

94 2146 165 2188 mus
194 2145 271 2208 ergo
298 2145 449 2187 numerus
477 2123 512 2187 in
541 2123 662 2188 duobus
691 2126 755 2207 est,
789 2124 844 2207 qui
873 2125 986 2189 similis
1014 2131 1064 2190 est

93 2208 199 2273 lineae
232 2209 271 2272 de
302 2211 424 2293 puncto
458 2208 516 2272 sub
549 2208 680 2293 gemina
701 2209 814 2291 puncti
835 2209 1063 2276 terminatione

94 2293 279 2377 productae.
324 2292 377 2357 hio
398 2314 551 2357 numerus
573 2293 635 2357 duo
657 2293 841 2378 geminatus
857 2293 896 2358 dc
911 2314 944 2358 se
960 2294 1062 2358 efficit

56 2381 244 2463 etquattuor
281 2377 320 2442 ad
363 2376 607 2443 similitudinem
647 2377 871 2443 mathematici
912 2399 948 2443 co
988 2379 1062 2462 oris,

94 2464 177 2547 quod
193 2464 252 2528 sub
267 2465 417 2547 quattuor
438 2462 567 2561 punctis
588 2463 686 2548 longo
708 2463 836 2548 latoque
858 2462 964 2527 disten
986 2464 1061 2528 itur.

94 2549 318 2631 quaternarius
340 2569 465 2633 quoque
487 2549 763 2646 ipsegeminetus
785 2550 858 2614 octo
875 2547 984 2631 efficit,
1007 2549 1062 2632 qui
1074 2547 1114 2612 10

94 2653 245 2697 numerus
267 2632 404 2698 solidum
426 2654 541 2718 corpus
563 2633 723 2717 imitatur,
754 2632 838 2697 sicut
859 2631 937 2696 duas
961 2632 1063 2698 lineas

94 2714 231 2780 diximus
254 2717 375 2781 duabus
397 2718 614 2801 superpositas
636 2721 709 2782 octo
730 2717 922 2802 angulorum
942 2716 1062 2782 dimen-

57 2820 82 2860 eo
95 2801 185 2864 sione
212 2800 375 2885 integram
398 2802 538 2884 eorporis
567 2800 762 2866 soliditatem
791 2823 915 2883 creare,
944 2805 977 2866 et
1001 2801 1062 2867 hoc
1166 2828 1169 2835 ¹

95 2888 144 2949 est
166 2884 249 2970 quod
272 2884 356 2968 apud
378 2888 558 2970 geometras
581 2885 698 2950 dicitur
718 2886 769 2950 bis
790 2885 869 2950 bina
882 2886 932 2950 bis
948 2909 1062 2970 corpus

95 2991 163 3034 esse
194 2970 260 3033 iem
291 2968 437 3034 solidum.
482 2990 560 3055 crgo
594 2992 613 3033 a
645 2971 715 3054 pari
753 2992 886 3036 numero
922 2972 1112 3036 accessioll

161 3227 383 3289 4prtractr'1P
466 3225 593 3292 tpuctrl
612 3218 644 3276 P‘
712 3225 802 3278 isola
820 3228 846 3277 Ρ
929 3229 961 3279 10
980 3226 1019 3277 set
1036 3225 1062 3275 B

95 3296 125 3344 ll
145 3295 219 3360 apud
236 3311 283 3346 om.
302 3286 334 3345 P‘
404 3296 435 3346 13
452 3294 576 3362 subrecto
593 3287 627 3345 B'
697 3297 728 3345 17
746 3311 832 3361 greca
852 3286 884 3345 P‘
936 3294 1015 3345 cibos
1029 3294 1061 3358 P,

95 3362 181 3412 cubos
195 3362 220 3413 B
266 3361 534 3447 ·18ap9hcaturB
602 3365 636 3414 20
648 3369 676 3413 et
686 3365 718 3413 21
733 3362 809 3413 setB
865 3357 1065 3413 21d1t1turP'
1131 3377 1134 3382 ·

93 3432 126 3480 22
144 3430 334 3482 numerosam.
351 3429 378 3481 B
442 3432 475 3482 23
493 3445 603 3496 gemme
621 3422 654 3479 P'
703 3429 977 3488 determmatroneB
1029 3430 1063 3480 26

94 3503 160 3562 quot
178 3490 211 3547 F
262 3497 374 3563 lateque
392 3489 425 3548 P'
492 3501 526 3550 29
545 3497 728 3564 superpositas
743 3514 791 3551 om.
810 3498 836 3548 B

139 3612 298 3651 ΠΔΟΒΟΒΙΥΒ
875 3578 922 3639 ‘m
