2362 3878
350 230 449 295 xvui,
467 223 584 275 11-11.
608 230 721 296 xvuu,
740 225 815 290 1-4
1007 217 1069 282 547

103 406 200 468 quam
221 386 328 448 ortum
350 383 504 468 elegimus
527 384 786 467 proponendum,
811 386 886 469 quia
902 387 996 471 signa
1015 409 1069 470 po·

103 470 240 533 steriora
267 472 341 553 post
373 490 522 533 occasum
549 469 715 551 uidentur,
751 476 784 533 et
817 470 893 533 dum
920 473 960 534 ad
989 471 1069 536 haec

104 576 185 639 quae
208 554 275 618 sole
298 558 465 639 mergente
487 553 590 617 uideri
611 552 717 618 solent
739 554 840 618 solem
862 555 965 620 redire
980 578 1068 620 mon-

103 644 251 721 stramus,
286 640 355 703 sine
388 639 484 703 dubio
513 660 585 703 eum
618 640 779 703 contrario
806 643 895 704 motu
922 642 1069 706 recedere

76 745 198 808 squam
236 724 359 788 caelum
390 727 546 806 mouetur,
582 724 792 788 ostendimus,
848 724 929 789 haec
962 729 1069 789 autem
1081 727 1120 791 19

103 832 184 894 quae
207 810 245 873 de
267 809 333 873 sole
355 831 393 873 ac
415 809 492 872 luna
514 809 651 872 diximus
674 810 771 873 etiam
794 810 935 894 quinque
963 810 1069 874 stella-

102 917 175 957 rum
196 915 357 958 recessum
372 894 543 979 adsignare
559 894 731 976 sufficient,
755 895 826 979 pari
842 895 928 959 enim
943 897 1069 960 ratione

102 982 138 1042 in
170 980 349 1063 posteriora
386 979 480 1064 signa
516 979 685 1064 migrando
723 1001 848 1063 semper
886 981 1088 1045 mundanae'

102 1064 299 1128 uolubilitati
323 1064 485 1130 contraria
507 1066 686 1129 recessione
708 1068 888 1129 uersantur.

65 1257 89 1296 ιο
144 1232 1122 1319 HisadsertisdesphaerarumordinepaucadicendaXVIlII

103 1323 194 1403 sunt,
219 1321 254 1383 in
297 1342 338 1384 uo
361 1321 532 1385 dissentire
555 1319 726 1384 aPlatone
743 1319 854 1386 Cicero
876 1320 978 1384 uideri
1000 1324 1070 1404 pot-

103 1407 167 1487 111,
192 1426 264 1468 cum
276 1342 340 1469 hic
361 1405 436 1469 solis
464 1405 635 1490 sphaeram
660 1408 809 1489 quartam
831 1405 870 1468 de
892 1408 1015 1489 septem
1036 1405 1070 1469 id

104 1492 153 1552 est
179 1489 215 1552 in
242 1490 345 1553 medio
372 1490 512 1554 locatam
544 1492 644 1572 dicat,
673 1490 767 1555 Plato
794 1513 813 1554 a
839 1491 917 1553 luna
944 1512 1070 1554 sursum

103 1574 276 1637 secundam
298 1574 359 1638 hoc
381 1578 431 1637 est
451 1575 538 1639 inter
559 1579 682 1660 septem
705 1597 861 1639 asummo
877 1575 983 1639 locum
1000 1597 1069 1639 sex-

64 1685 89 1723 11
102 1663 171 1722 tum
199 1662 309 1723 tenere
338 1663 573 1725 commemoret.
619 1658 767 1724 Ciceroni
794 1660 1004 1724 Archimedes
1038 1659 1107 1724 112

103 1743 335 1810 Chaldaeorum
348 1746 431 1808 ratio
444 1747 615 1828 consentit,
631 1743 724 1808 Plato
736 1744 915 1828 Aegyptios
927 1745 1070 1808 omniurn

101 1829 323 1913 philosophiae
346 1829 588 1912 disciplinarum
610 1831 762 1913 parentes
785 1833 911 1892 secutus
933 1831 991 1909 est,
1016 1829 1071 1913 qui

102 1914 148 1977 ita
170 1914 270 1977 solem
291 1915 378 1978 inter
399 1915 511 1977 lunam
533 1917 565 1977 et
579 1913 773 1977 Mercurium
796 1913 936 1977 locatum
956 1912 1071 1978 uolunt

102 2003 138 2062 ut
165 1999 324 2062 rationem
356 2001 467 2062 tamen
495 2001 527 2062 et
554 1996 824 2082 deprehenderint
851 2001 884 2060 et
904 1997 1071 2061 edixerint

63 2107 89 2147 so
104 2105 159 2147 cur
196 2106 214 2146 a
246 2105 313 2146 non
345 2081 443 2146 nullis
474 2083 521 2148 sol
554 2104 650 2167 supra
682 2081 877 2145 Mercurium
910 2103 1069 2166 supraque

102 2168 262 2232 Venerem
275 2189 343 2232 1111
356 2168 511 2232 credatur.
534 2189 610 2232 nam
625 2166 749 2232 necilli
765 2167 819 2251 qui
834 2167 880 2231 ita
897 2167 1070 2231 aestimant

103 2276 121 2316 a
144 2254 250 2338 specie
272 2253 342 2317 ueri
363 2253 475 2401 plrocul
497 2253 659 2334 aberrant,
683 2251 868 2334 opinionem
882 2273 959 2316 uero
975 2251 1068 2315 istius

101 2338 348 2424 permutationis
394 2339 465 2402 uius
480 2337 567 2402 modi
588 2341 672 2403 ratio
694 2338 864 2422 persuasit.
903 2336 1104 2401 aSaturni3

101 2424 248 2508 sphaera,
273 2446 354 2508 quae
377 2428 426 2488 cst
447 2423 551 2507 prima
566 2423 605 2487 de
627 2426 760 2506 septem,
784 2443 884 2506 usque
900 2422 940 2486 ad
955 2420 1069 2505 sphae-

62 2530 88 2568 11
101 2531 170 2572 ram
192 2509 277 2573 Iouis
300 2533 319 2572 a
342 2531 465 2574 summo
488 2508 661 2573 secundam
682 2508 844 2572 interiecti
866 2507 963 2591 spatii
974 2509 1069 2570 tanta

101 2594 257 2657 distantia
285 2598 334 2659 est
360 2597 397 2658 ut
424 2594 546 2658 zodiaci
575 2594 731 2658 ambitum
759 2593 904 2677 superior
931 2591 1069 2676 triginta

102 2678 207 2760 annis,
226 2678 392 2744 duodecim
407 2700 484 2745 uero
501 2681 596 2744 annis
611 2679 755 2744 subiecta
772 2678 935 2760 conficiat3
958 2698 1068 2741 rursus

101 2765 229 2826 tantum
258 2785 277 2825 a
305 2763 381 2829 Ioue
410 2765 547 2849 sphaera
574 2763 689 2828 Martis
721 2763 843 2828 recedit
869 2765 905 2826 ut
932 2763 1068 2826 eundem

103 2868 230 2911 cursum
256 2847 388 2912 biennio
421 2853 567 2934 peragat.
613 2848 724 2914 Venus
753 2851 860 2912 autem
892 2850 986 2911 tanto
1020 2845 1105 2910 est4

61 2952 87 2991 ao
101 2933 233 3016 regione
266 2932 381 2996 Martis
413 2934 548 2998 inferior
581 2937 618 2999 ut
647 2935 676 2999 ei
706 2954 809 2997 annus
842 2933 921 2996 satis
956 2933 1000 2996 sit
1028 2931 1068 2996 ad
1155 2967 1158 2970 ,

101 3017 265 3081 zodiacum
287 3018 532 3101 peragrandum.
556 3020 621 3084 iam
636 3040 712 3084 uero
727 3019 773 3083 ita
787 3016 908 3083 Veneri
922 3017 1068 3101 proxima

102 3106 150 3167 est
171 3101 266 3170 stella
288 3101 438 3166 Mercurii
462 3105 495 3166 et
516 3103 675 3169 Mercurio
697 3103 744 3169 sol
766 3103 965 3188 propinquus
979 3103 1016 3164 ut
1033 3101 1068 3164 hi

99 3191 166 3251 tres
190 3187 312 3251 caelum
335 3208 428 3250 suum
448 3188 519 3271 pari
541 3191 694 3274 temporis
717 3190 822 3274 spatio
844 3188 878 3251 id
906 3189 955 3251 est
980 3205 1068 3248 anno

100 3273 172 3355 plus
195 3273 342 3336 minusue
372 3273 580 3338 circumeant.
623 3274 694 3340 ideo
718 3279 750 3339 et
773 3273 884 3339 Cicero
906 3271 965 3334 hos
988 3270 1067 3333 duos

168 3535 200 3585 18
220 3533 357 3585 ediderint
374 3533 439 3584 roni.
460 3533 602 3583 Gronovius

868 3605 945 3669 ⁸5³0*
