2362 3878
139 214 205 278 434
545 228 641 275 uram
664 228 714 275 vu

102 383 123 448 6
138 403 265 464 uocare,
284 381 454 466 contingit.
483 381 569 445 unde
584 385 636 446 ube·
650 379 758 464 capilli
772 383 848 444 sunt
863 381 975 464 crispi,
992 383 1047 466 qui
1063 382 1112 447 ita

139 466 310 550 temperati
338 470 414 530 sunt
440 469 478 530 ut
500 465 606 549 eapite
628 465 761 529 sicciore
789 466 870 549 sint,
900 467 990 531 tarde
1015 489 1111 532 cane-

140 555 251 635 scunt,
282 551 345 615 cito
367 551 403 614 in
426 550 591 615 caluitium
618 553 799 614 transeunt.
845 554 957 614 contra
979 552 1035 634 qui
1059 574 1110 616 ca-

138 636 217 786 pillo
239 638 316 700 sunt
336 636 456 700 rariore
477 656 545 699 non
567 656 603 698 eo
630 635 725 698 facile
752 635 917 699 nudantur
944 637 1111 701 nutriente

162 742 288 805 umore,
317 720 402 804 quod
430 720 562 804 φλέγμα
593 719 770 802 uocitatur,
803 720 859 783 sed
889 720 928 784 fit
948 720 1014 785 illis
1044 723 1137 786 citas

140 807 284 872 canities.
339 828 417 869 nam
448 804 520 869 idco
553 803 618 868 albi
651 806 727 868 sunt
762 805 834 868 cani
863 806 937 888 quia
970 806 1111 870 colorem

103 891 281 956 lhumoris
330 912 372 954 uo
399 889 588 953 nutriuntur
614 888 808 953 imitantur?
858 891 897 953 ‘si
925 912 1001 974 ergo
1025 892 1110 955 seni-

139 977 199 1041 bus
222 913 421 1040 abunlantia
435 974 577 1038 humoris
601 974 733 1058 capillos
754 973 790 1037 in
806 974 959 1039 canitiem
973 976 1108 1060 tinguit,

141 1083 197 1126 our
224 1064 355 1125 senecta
382 1059 566 1143 opinionem
594 1062 726 1123 exactae
753 1057 909 1123 siccitatis
944 1061 1108 1144 accepitl'

103 1145 226 1231 8‘quia
254 1148 396 1210 senecta'
424 1143 530 1228 inquit
557 1143 611 1208 ille
640 1143 796 1208 ‘extincto
846 1165 881 1207 er
911 1147 1108 1209 uetustatem
1123 1169 1148 1208 ro

139 1230 281 1296 naturali
304 1229 407 1294 calore
429 1229 467 1292 fit
488 1228 609 1312 frigida
632 1231 664 1292 εὴ
686 1250 725 1292 ex
746 1227 802 1292 illo
822 1167 946 1376 lriglore
961 1229 1061 1313 gelidi
1077 1232 1110 1293 et

140 1315 291 1398 superflui
313 1315 491 1378 nascuntur
512 1312 670 1377 humores.
712 1317 852 1377 ceterum
890 1314 978 1398 'quor
999 1314 1109 1378 uitalis

139 1399 360 1496 longaeuitate
393 1398 531 1495 siccatus
565 1401 628 1495 est,
666 1398 740 1462 inde
777 1401 908 1463 senecta
941 1399 1027 1462 sicea
1061 1402 1110 1495 est

103 1505 250 1633 attat
269 1481 642 1652 &trattati
656 1482 818 1631 tut
834 1483 1109 1653 ttttttttt
1122 1591 1148 1632 15

140 1655 228 1717 aetas
250 1652 381 1738 grauior
402 1652 554 1736 afficitur,
578 1652 653 1736 quia
675 1674 815 1734 somnus,
839 1653 894 1735 qui
915 1653 1053 1717 maxime
1070 1674 1109 1715 ex

58 1796 62 1803 .
139 1736 271 1802 humore
300 1737 477 1823 contingit,
513 1738 551 1800 de
578 1736 721 1801 naturali
746 1736 906 1820 nascitur,
942 1738 1026 1801 sicut
1060 1743 1109 1801 est

139 1822 259 1887 multus
280 1822 316 1885 in
337 1822 489 1904 infantia,
534 1844 594 1886 uae
609 1820 740 1885 humida
762 1824 811 1886 est
826 1821 1026 1886 abundantia
1041 1843 1109 1886 non

90 1908 131 1972 10
139 1907 292 1991 superflui
319 1907 374 1971 sed
401 1843 560 1971 naturalis
592 1906 744 1971 humoris
800 1906 911 1970 eadem
942 1907 1026 1971 ratio
1059 1910 1109 1970 est

2 1992 641 2162 *s-rttautbatutt}
666 1991 905 2160 ἔὲωέῗξῖῗ
920 1993 1108 2161 ,rent
1121 2016 1147 2055 ²⁰

138 2162 269 2227 humida
292 2165 340 2226 est
362 2162 418 2226 sed
439 2161 494 2226 illo
515 2161 658 2225 naturali
681 2164 713 2224 et
734 2160 826 2224 uitali
853 2161 985 2225 humore
1007 2162 1108 2225 nutri-

138 2251 203 2312 tur.
253 2247 308 2312 ille
335 2247 422 2311 enim
449 2247 564 2310 humor
593 2247 647 2330 qui
676 2249 731 2310 aut
765 2246 803 2309 de
837 2247 953 2310 aetatis
986 2246 1108 2332 frigore

137 2334 281 2397 nascitur
304 2336 360 2396 aut
382 2332 553 2396 cuiuslibet
574 2331 762 2394 uitiositatis
790 2330 957 2395 occasione
981 2334 1108 2395 contra-

90 2415 227 2482 llhitur
248 2420 286 2480 ut
307 2417 483 2501 superfluus
504 2415 552 2479 ita
575 2419 608 2479 et
628 2415 743 2479 noxius
766 2418 825 2479 cst.
860 2416 947 2480 hunc
961 2416 1107 2480 uidemus
1121 2440 1147 2480 ea

138 2502 174 2565 in
200 2500 330 2565 feminis
357 2501 421 2564 nisi
450 2499 560 2563 crebro
588 2502 753 2583 egeratur,
783 2503 925 2565 extrema
954 2501 1107 2565 minitan-

137 2587 214 2649 tem.
269 2585 356 2648 hunc
377 2585 412 2648 in
441 2583 594 2648 eunuchis
623 2583 822 2648 debilitatem
846 2585 935 2648 tibiis
957 2586 1108 2670 ingeren-

137 2672 214 2751 tem,
239 2691 373 2753 quarum
394 2690 466 2732 ossa
489 2669 580 2752 quasi
602 2690 728 2753 semper
741 2668 778 2732 in
793 2670 953 2753 superfluo
974 2669 1107 2734 humore

137 2754 286 2817 natantia
321 2752 463 2816 naturali
495 2753 606 2838 uigore
640 2757 814 2818 caruerrmt
844 2756 876 2817 et
905 2755 976 2819 ideo
1009 2754 1107 2818 facile

137 2837 380 2921 intorquentur,
403 2838 479 2902 dum
500 2838 624 2922 pondus
647 2839 838 2923 superpositi
862 2839 1004 2923 corporis
1020 2839 1106 2904 ferre
1119 2864 1145 2906 ao

136 2943 203 2985 non
239 2925 390 3006 possunt,
429 2924 512 2988 sicut
549 2945 653 2987 canna
689 2924 829 3008 pondere
863 2924 923 2987 sibi
955 2925 1108 3008 imposito

139 3010 312 3072 curantur!

86 3090 127 3154 12
220 3091 265 3156 Et
292 3090 450 3174 Eusebius
478 3093 639 3175 ‘quoniam
666 3114 725 3156 nos
760 3115 779 3156 a
807 3096 973 3158 senectute
1006 3115 1107 3177 usque

137 3177 177 3240 ad
214 3175 377 3241 eunuchos
414 3177 517 3241 traxit
551 3176 703 3261 superflui
738 3177 880 3242 humoris
919 3178 1105 3263 disputatio,

197 3404 209 3450 1
221 3400 284 3451 inde
300 3400 304 3464 Ι
320 3399 417 3466 capilli
426 3399 487 3450 sunt
496 3398 578 3465 crispi
586 3401 611 3450 P
619 3397 678 3464 (ubi
686 3400 796 3465 addim),
807 3401 879 3452 unde
890 3401 1009 3467 capillos
1019 3403 1107 3467 crispi

134 3469 226 3519 Ionius
269 3458 460 3520 3tanleuntP'
502 3468 889 3521 8etlle218habundantraP
931 3472 963 3519 21
973 3471 1106 3535 flegmate

121 3535 155 3582 P
201 3539 240 3588 27
255 3536 337 3588 tibris
346 3538 374 3589 in
391 3550 446 3588 rar.
462 3534 590 3605 (extrema
605 3536 710 3601 suerunt
727 3536 768 3604 ur]
786 3539 813 3588 in
829 3535 856 3587 P
922 3538 955 3589 28
973 3553 1003 3589 m
1020 3554 1068 3589 om.
1082 3540 1108 3588 P
