2362 3878
409 904 524 959 riusa
542 902 711 979 qrrarrs

136 1086 152 1126 s
217 1091 232 1124 s
298 1083 313 1121 s
380 1083 395 1122 s
461 1086 476 1122 s
542 1083 557 1121 s
623 1083 638 1122 s
705 1083 721 1123 s
786 1083 802 1123 s
867 1085 882 1124 s

415 1164 561 1208 sermone
582 1145 730 1207 mouetur
1074 1158 1091 1222 Ι

135 1227 649 1398 ditiirlhtuiletsiutti}
668 1227 975 1399 theotisto·

94 1401 172 1463 item
194 1397 311 1483 pathos
335 1401 384 1461 est
407 1400 439 1462 et
460 1397 495 1461 in
517 1397 579 1462 hoc
600 1389 695 1461 uersu

68 1503 80 1541 5
136 1485 287 1567 obstupui
302 1485 523 1566 steteruntque
541 1504 650 1546 comae
667 1485 701 1546 et
711 1505 774 1548 uox
784 1483 932 1549 faucibus
942 1484 1058 1550 haesit.

94 1569 148 1633 sed
171 1572 203 1633 et
224 1572 293 1632 tota
316 1567 445 1630 Daretis
466 1567 620 1652 fatigatio
642 1566 756 1632 habitu
778 1567 966 1653 depingitur
1074 1616 1096 1680 2

137 1657 187 1717 ast
207 1653 299 1717 illum
320 1652 376 1716 fidi
399 1652 548 1736 aequales
571 1673 678 1736 genua
701 1674 799 1738 aegra
819 1652 1004 1718 trahentem

136 1741 404 1822 quassantemque
426 1740 561 1820 utroque
584 1739 681 1821 caput
696 1759 900 1822 crassumque
918 1760 1062 1803 cruorem

138 1845 192 1887 ore
215 1823 419 1887 eiectantem.

56 1927 81 1967 ιο
94 1910 251 1972 sociorum
274 1927 398 1992 quoque
420 1906 487 1970 eius
501 1905 750 1990 trepidationem
765 1906 906 1970 breuiter
922 1908 1063 1972 ostendit

297 1993 487 2076 galeamque
510 2011 681 2074 ensemque
703 1991 810 2055 uocati

137 2077 301 2161 accipiunt

94 2163 183 2245 quasi
206 2183 273 2226 non
295 2164 409 2246 sponte
439 2159 602 2245 accepturi
630 2181 746 2224 munus
773 2159 949 2245 quoderat
971 2161 1057 2224 dam-

94 2269 172 2311 num
193 2246 416 2311 uerecundiae.
462 2268 501 2310 ex
523 2246 634 2310 eodem
656 2266 775 2330 genere
799 2246 848 2309 est
868 2244 948 2308 illud

57 2348 81 2388 15
296 2334 428 2415 totoque
450 2331 611 2414 loquentis
634 2331 675 2394 ab
698 2351 753 2393 ore

137 2415 296 2480 scintillae
319 2416 496 2500 absistunt,
520 2415 621 2480 oculis
642 2415 742 2479 micat
764 2415 890 2479 acribus
911 2415 1009 2500 ignis.

96 2504 193 2564 estet
217 2501 252 2563 in
274 2501 490 2584 descriptione
511 2499 676 2586 languoris
705 2498 835 2564 habitus
862 2503 900 2564 ut
921 2502 970 2564 est
991 2504 1096 2576 tota3

96 2584 268 2665 descriptio
290 2585 493 2668 pestilentiae
516 2586 601 2669 apud
623 2583 833 2668 Thucydiden
856 2588 888 2648 et

138 2667 259 2731 labitur
280 2669 393 2732 infelix
415 2669 593 2734 studiorum
615 2673 711 2754 atque
733 2669 901 2733 immemor
921 2668 1041 2735 herbae
1136 2685 1139 2690 '

57 2770 82 2810 20
138 2751 243 2815 uictor
265 2773 392 2836 equus
751 2753 752 2757 ’

97 2840 129 2901 et

165 3011 281 3074 lVerg.
300 3009 368 3060 Aen.
386 3008 425 3058 VI
442 3010 493 3059 4⁷0
543 3009 730 3062 tinum
789 3010 861 3063 tib.
879 3011 972 3062 V468
1031 3013 1062 3061 11

95 3080 131 3130 ib.
150 3079 175 3127 V
192 3080 242 3128 471
314 3080 345 3128 15
362 3077 400 3131 ib.
419 3077 473 3128 XII
492 3078 555 3127 101*
609 3078 641 3129 19
658 3078 697 3131 id.
714 3077 815 3143 Georg.
835 3078 945 3130 111498

163 3281 339 3332 arsurem
361 3267 428 3332 ma
446 3280 508 3331 ·n·
529 3278 854 3334 ssrvnuamonvu·
923 3278 1063 3331 merem

96 3349 252 3401 ruamus
279 3351 318 3402 ru
344 3350 468 3402 niune
495 3348 672 3401 vmomu·
699 3350 848 3415 rammam
872 3350 900 3398 a
924 3349 948 3398 r
1032 3350 1065 3398 ia

97 3416 244 3481 dampnum
261 3418 288 3467 P
354 3420 386 3471 18
404 3417 554 3485 tucydrden
570 3416 597 3468 P
