<?xml version="1.0" encoding="UTF-8"?>
<!DOCTYPE html PUBLIC "-//W3C//DTD XHTML 1.0 Transitional//EN"
    "http://www.w3.org/TR/xhtml1/DTD/xhtml1-transitional.dtd">
<html xmlns="http://www.w3.org/1999/xhtml" xml:lang="en" lang="en">
 <head>
  <title>
</title>
<meta http-equiv="Content-Type" content="text/html;charset=utf-8" />
  <meta name='ocr-system' content='tesseract 3.04.00' />
  <meta name='ocr-capabilities' content='ocr_page ocr_carea ocr_par ocr_line ocrx_word'/>
</head>
<body>
  <div class='ocr_page' id='page_1' title='image "./macrobivs00macrgoog_0526.png"; bbox 0 0 2362 3878; ppageno 0'>
   <div class='ocr_carea' id='block_1_1' title="bbox 367 207 1024 289">
    <p class='ocr_par' dir='ltr' id='par_1_1' title="bbox 367 207 1024 289">
     <span class='ocr_line' id='line_1_1' title="bbox 367 207 1024 289; baseline 0.009 -22"><span class='ocrx_word' id='word_1_1' title='bbox 367 214 528 289; x_wconf 85' lang='lat' dir='ltr'>vnn,1u</span> <span class='ocrx_word' id='word_1_2' title='bbox 556 223 598 289; x_wconf 89' lang='lat' dir='ltr'>x,</span> <span class='ocrx_word' id='word_1_3' title='bbox 616 216 708 268; x_wconf 88' lang='lat'>1-10</span> <span class='ocrx_word' id='word_1_4' title='bbox 773 232 775 237; x_wconf 96' lang='lat'>·</span> <span class='ocrx_word' id='word_1_5' title='bbox 960 207 1024 273; x_wconf 80' lang='lat'>513</span> 
     </span>
    </p>
   </div>
   <div class='ocr_carea' id='block_1_2' title="bbox 16 374 1147 3003">
    <p class='ocr_par' dir='ltr' id='par_1_2' title="bbox 16 374 1147 3003">
     <span class='ocr_line' id='line_1_2' title="bbox 56 374 1023 462; baseline 0.003 -22"><span class='ocrx_word' id='word_1_6' title='bbox 56 378 103 440; x_wconf 84' lang='lat' dir='ltr'>tia</span> <span class='ocrx_word' id='word_1_7' title='bbox 126 376 198 441; x_wconf 78' lang='lat' dir='ltr'>est?</span> <span class='ocrx_word' id='word_1_8' title='bbox 241 375 364 440; x_wconf 90' lang='lat' dir='ltr'>utiam</span> <span class='ocrx_word' id='word_1_9' title='bbox 391 377 460 438; x_wconf 92' lang='lat' dir='ltr'>tum</span> <span class='ocrx_word' id='word_1_10' title='bbox 487 374 624 460; x_wconf 77' lang='lat' dir='ltr'>liqueret</span> <span class='ocrx_word' id='word_1_11' title='bbox 644 374 837 440; x_wconf 86' lang='lat' dir='ltr'>Africanum</span> <span class='ocrx_word' id='word_1_12' title='bbox 858 397 916 460; x_wconf 88' lang='lat' dir='ltr'>per</span> <span class='ocrx_word' id='word_1_13' title='bbox 937 377 1023 462; x_wconf 92' lang='lat' dir='ltr'>quie-</span> 
     </span>
     <span class='ocr_line' id='line_1_3' title="bbox 56 458 1147 543; baseline 0.004 -18"><span class='ocrx_word' id='word_1_14' title='bbox 56 465 122 525; x_wconf 88' lang='lat' dir='ltr'>tem</span> <span class='ocrx_word' id='word_1_15' title='bbox 145 462 186 525; x_wconf 91' lang='lat' dir='ltr'>ad</span> <span class='ocrx_word' id='word_1_16' title='bbox 208 483 246 525; x_wconf 92' lang='lat' dir='ltr'>ea</span> <span class='ocrx_word' id='word_1_17' title='bbox 267 461 338 525; x_wconf 90' lang='lat' dir='ltr'>loca</span> <span class='ocrx_word' id='word_1_18' title='bbox 359 480 440 543; x_wconf 88' lang='lat' dir='ltr'>quae</span> <span class='ocrx_word' id='word_1_19' title='bbox 461 458 523 523; x_wconf 89' lang='lat' dir='ltr'>sibi</span> <span class='ocrx_word' id='word_1_20' title='bbox 552 459 743 524; x_wconf 76' lang='lat' dir='ltr'>deberentur</span> <span class='ocrx_word' id='word_1_21' title='bbox 770 459 953 526; x_wconf 87' lang='lat' dir='ltr'>abductum.</span> <span class='ocrx_word' id='word_1_22' title='bbox 989 463 1062 529; x_wconf 86' lang='lat' dir='ltr'>in5</span> <span class='ocrx_word' id='word_1_23' title='bbox 1142 472 1147 481; x_wconf 93' lang='lat'>&#39;</span> 
     </span>
     <span class='ocr_line' id='line_1_4' title="bbox 56 543 1024 628; baseline 0.002 -18"><span class='ocrx_word' id='word_1_24' title='bbox 56 546 118 610; x_wconf 90' lang='lat' dir='ltr'>hac</span> <span class='ocrx_word' id='word_1_25' title='bbox 148 549 256 610; x_wconf 89' lang='lat' dir='ltr'>autem</span> <span class='ocrx_word' id='word_1_26' title='bbox 285 544 541 628; x_wconf 79' lang='lat' dir='ltr'>interrogatione</span> <span class='ocrx_word' id='word_1_27' title='bbox 569 543 608 608; x_wconf 93' lang='lat' dir='ltr'>de</span> <span class='ocrx_word' id='word_1_28' title='bbox 635 544 762 608; x_wconf 88' lang='lat' dir='ltr'>animae</span> <span class='ocrx_word' id='word_1_29' title='bbox 790 545 1024 612; x_wconf 80' lang='lat' dir='ltr'>inmortalitate</span> 
     </span>
     <span class='ocr_line' id='line_1_5' title="bbox 55 627 1023 714; baseline 0.003 -21"><span class='ocrx_word' id='word_1_30' title='bbox 55 633 225 695; x_wconf 85' lang='lat' dir='ltr'>tractatur.</span> <span class='ocrx_word' id='word_1_31' title='bbox 270 629 371 714; x_wconf 89' lang='lat' dir='ltr'>ipsius</span> <span class='ocrx_word' id='word_1_32' title='bbox 394 629 480 693; x_wconf 90' lang='lat' dir='ltr'>enim</span> <span class='ocrx_word' id='word_1_33' title='bbox 503 629 748 693; x_wconf 87' lang='lat' dir='ltr'>consultationis</span> <span class='ocrx_word' id='word_1_34' title='bbox 763 627 816 694; x_wconf 90' lang='lat' dir='ltr'>hic</span> <span class='ocrx_word' id='word_1_35' title='bbox 832 651 944 694; x_wconf 86' lang='lat' dir='ltr'>sensus</span> <span class='ocrx_word' id='word_1_36' title='bbox 959 634 1023 696; x_wconf 89' lang='lat' dir='ltr'>est:</span> 
     </span>
     <span class='ocr_line' id='line_1_6' title="bbox 30 713 1025 798; baseline 0.005 -23"><span class='ocrx_word' id='word_1_37' title='bbox 30 736 125 798; x_wconf 78' lang='lat' dir='ltr'>anos,</span> <span class='ocrx_word' id='word_1_38' title='bbox 149 715 265 798; x_wconf 92' lang='lat' dir='ltr'>inquit,</span> <span class='ocrx_word' id='word_1_39' title='bbox 290 714 484 778; x_wconf 84' lang='lat' dir='ltr'>arbitramur</span> <span class='ocrx_word' id='word_1_40' title='bbox 506 713 648 779; x_wconf 89' lang='lat' dir='ltr'>animam</span> <span class='ocrx_word' id='word_1_41' title='bbox 670 735 742 778; x_wconf 84' lang='lat' dir='ltr'>curn</span> <span class='ocrx_word' id='word_1_42' title='bbox 769 714 835 779; x_wconf 90' lang='lat' dir='ltr'>fine</span> <span class='ocrx_word' id='word_1_43' title='bbox 857 715 1025 781; x_wconf 83' lang='lat' dir='ltr'>morientis</span> 
     </span>
     <span class='ocr_line' id='line_1_7' title="bbox 57 798 1024 884; baseline 0.002 -22"><span class='ocrx_word' id='word_1_44' title='bbox 57 799 204 884; x_wconf 82' lang='lat' dir='ltr'>extingui</span> <span class='ocrx_word' id='word_1_45' title='bbox 226 820 287 864; x_wconf 91' lang='lat' dir='ltr'>nec</span> <span class='ocrx_word' id='word_1_46' title='bbox 309 798 442 863; x_wconf 89' lang='lat' dir='ltr'>ulterius</span> <span class='ocrx_word' id='word_1_47' title='bbox 464 819 533 862; x_wconf 91' lang='lat' dir='ltr'>esse</span> <span class='ocrx_word' id='word_1_48' title='bbox 560 801 633 882; x_wconf 88' lang='lat' dir='ltr'>post</span> <span class='ocrx_word' id='word_1_49' title='bbox 659 798 832 864; x_wconf 86' lang='lat' dir='ltr'>hominem.</span> <span class='ocrx_word' id='word_1_50' title='bbox 869 800 916 863; x_wconf 89' lang='lat' dir='ltr'>ait</span> <span class='ocrx_word' id='word_1_51' title='bbox 938 800 1024 864; x_wconf 90' lang='lat' dir='ltr'>enim</span> 
     </span>
     <span class='ocr_line' id='line_1_8' title="bbox 57 883 1025 968; baseline 0.003 -21"><span class='ocrx_word' id='word_1_52' title='bbox 57 905 153 968; x_wconf 91' lang='lat' dir='ltr'>quos</span> <span class='ocrx_word' id='word_1_53' title='bbox 169 883 372 949; x_wconf 83' lang='lat' dir='ltr'>extinctos</span> <span class='ocrx_word' id='word_1_54' title='bbox 388 904 473 948; x_wconf 89' lang='lat' dir='ltr'>esse</span> <span class='ocrx_word' id='word_1_55' title='bbox 494 883 801 949; x_wconf 88' lang='lat' dir='ltr'>arbitraremur:</span> <span class='ocrx_word' id='word_1_56' title='bbox 838 885 901 949; x_wconf 89' lang='lat' dir='ltr'>uod</span> <span class='ocrx_word' id='word_1_57' title='bbox 917 888 1025 950; x_wconf 89' lang='lat' dir='ltr'>autem</span> 
     </span>
     <span class='ocr_line' id='line_1_9' title="bbox 57 906 1025 1056; baseline 0.003 -24"><span class='ocrx_word' id='word_1_58' title='bbox 57 969 266 1054; x_wconf 80' lang='lat' dir='ltr'>extinguitur,</span> <span class='ocrx_word' id='word_1_59' title='bbox 290 990 359 1033; x_wconf 86' lang='lat' dir='ltr'>esse</span> <span class='ocrx_word' id='word_1_60' title='bbox 372 968 438 1033; x_wconf 87' lang='lat' dir='ltr'>iam</span> <span class='ocrx_word' id='word_1_61' title='bbox 453 967 581 1033; x_wconf 89' lang='lat' dir='ltr'>desinit.</span> <span class='ocrx_word' id='word_1_62' title='bbox 614 989 691 1055; x_wconf 86' lang='lat' dir='ltr'>ergo</span> <span class='ocrx_word' id='word_1_63' title='bbox 705 968 802 1033; x_wconf 87' lang='lat' dir='ltr'>uelim</span> <span class='ocrx_word' id='word_1_64' title='bbox 817 906 905 1034; x_wconf 77' lang='lat' dir='ltr'>dicas</span> <span class='ocrx_word' id='word_1_65' title='bbox 919 970 1025 1056; x_wconf 90' lang='lat' dir='ltr'>inquit</span> 
     </span>
     <span class='ocr_line' id='line_1_10' title="bbox 56 1052 1060 1138; baseline 0.005 -22"><span class='ocrx_word' id='word_1_66' title='bbox 56 1055 83 1116; x_wconf 89' lang='lat' dir='ltr'>si</span> <span class='ocrx_word' id='word_1_67' title='bbox 106 1056 139 1118; x_wconf 92' lang='lat' dir='ltr'>et</span> <span class='ocrx_word' id='word_1_68' title='bbox 159 1058 253 1137; x_wconf 90' lang='lat' dir='ltr'>pater</span> <span class='ocrx_word' id='word_1_69' title='bbox 269 1053 387 1119; x_wconf 88' lang='lat' dir='ltr'>Paulus</span> <span class='ocrx_word' id='word_1_70' title='bbox 408 1056 516 1118; x_wconf 90' lang='lat' dir='ltr'>tecum</span> <span class='ocrx_word' id='word_1_71' title='bbox 531 1052 634 1118; x_wconf 86' lang='lat' dir='ltr'>etalii</span> <span class='ocrx_word' id='word_1_72' title='bbox 649 1056 831 1138; x_wconf 84' lang='lat' dir='ltr'>supersunt.</span> <span class='ocrx_word' id='word_1_73' title='bbox 876 1055 917 1119; x_wconf 88' lang='lat' dir='ltr'>ad</span> <span class='ocrx_word' id='word_1_74' title='bbox 938 1054 1025 1120; x_wconf 88' lang='lat' dir='ltr'>hanc</span> <span class='ocrx_word' id='word_1_75' title='bbox 1040 1057 1060 1121; x_wconf 90' lang='lat'>6</span> 
     </span>
     <span class='ocr_line' id='line_1_11' title="bbox 18 1138 1023 1224; baseline 0.005 -25"><span class='ocrx_word' id='word_1_76' title='bbox 18 1161 41 1200; x_wconf 78' lang='grc' dir='ltr'>ιο</span> <span class='ocrx_word' id='word_1_77' title='bbox 55 1139 358 1223; x_wconf 84' lang='lat' dir='ltr'>interrogationem,</span> <span class='ocrx_word' id='word_1_78' title='bbox 392 1159 474 1223; x_wconf 90' lang='lat' dir='ltr'>quae</span> <span class='ocrx_word' id='word_1_79' title='bbox 507 1140 540 1202; x_wconf 90' lang='lat' dir='ltr'>et</span> <span class='ocrx_word' id='word_1_80' title='bbox 572 1138 611 1202; x_wconf 91' lang='lat' dir='ltr'>de</span> <span class='ocrx_word' id='word_1_81' title='bbox 643 1139 831 1222; x_wconf 80' lang='lat' dir='ltr'>parentibus</span> <span class='ocrx_word' id='word_1_82' title='bbox 861 1143 897 1204; x_wconf 91' lang='lat' dir='ltr'>ut</span> <span class='ocrx_word' id='word_1_83' title='bbox 924 1162 944 1203; x_wconf 89' lang='lat' dir='ltr'>a</span> <span class='ocrx_word' id='word_1_84' title='bbox 969 1140 1023 1224; x_wconf 92' lang='lat' dir='ltr'>pio</span> 
     </span>
     <span class='ocr_line' id='line_1_12' title="bbox 55 1223 1023 1309; baseline 0.004 -23"><span class='ocrx_word' id='word_1_85' title='bbox 55 1224 138 1307; x_wconf 91' lang='lat' dir='ltr'>filio,</span> <span class='ocrx_word' id='word_1_86' title='bbox 163 1227 195 1288; x_wconf 91' lang='lat' dir='ltr'>et</span> <span class='ocrx_word' id='word_1_87' title='bbox 217 1223 256 1287; x_wconf 90' lang='lat' dir='ltr'>de</span> <span class='ocrx_word' id='word_1_88' title='bbox 280 1223 393 1289; x_wconf 88' lang='lat' dir='ltr'>ceteris</span> <span class='ocrx_word' id='word_1_89' title='bbox 415 1226 452 1287; x_wconf 95' lang='lat' dir='ltr'>ut</span> <span class='ocrx_word' id='word_1_90' title='bbox 474 1245 494 1287; x_wconf 90' lang='lat' dir='ltr'>a</span> <span class='ocrx_word' id='word_1_91' title='bbox 515 1223 661 1306; x_wconf 87' lang='lat' dir='ltr'>sapiente</span> <span class='ocrx_word' id='word_1_92' title='bbox 684 1245 722 1288; x_wconf 92' lang='lat' dir='ltr'>ac</span> <span class='ocrx_word' id='word_1_93' title='bbox 748 1226 899 1288; x_wconf 90' lang='lat' dir='ltr'>naturam</span> <span class='ocrx_word' id='word_1_94' title='bbox 919 1225 1023 1309; x_wconf 83' lang='lat' dir='ltr'>ipsam</span> 
     </span>
     <span class='ocr_line' id='line_1_13' title="bbox 56 1307 1024 1393; baseline 0.003 -22"><span class='ocrx_word' id='word_1_95' title='bbox 56 1308 248 1373; x_wconf 81' lang='lat' dir='ltr'>discutiente</span> <span class='ocrx_word' id='word_1_96' title='bbox 259 1308 425 1392; x_wconf 89' lang='lat' dir='ltr'>processit,</span> <span class='ocrx_word' id='word_1_97' title='bbox 437 1307 514 1392; x_wconf 90' lang='lat' dir='ltr'>quid</span> <span class='ocrx_word' id='word_1_98' title='bbox 524 1308 579 1373; x_wconf 89' lang='lat' dir='ltr'>illc</span> <span class='ocrx_word' id='word_1_99' title='bbox 590 1308 779 1393; x_wconf 82' lang='lat' dir='ltr'>respondit?</span> <span class='ocrx_word' id='word_1_100' title='bbox 801 1308 917 1373; x_wconf 90' lang='lat' dir='ltr'>immo</span> <span class='ocrx_word' id='word_1_101' title='bbox 931 1331 1024 1374; x_wconf 91' lang='lat' dir='ltr'>uero</span> 
     </span>
     <span class='ocr_line' id='line_1_14' title="bbox 55 1392 1023 1478; baseline 0.003 -23"><span class='ocrx_word' id='word_1_102' title='bbox 55 1393 161 1476; x_wconf 90' lang='lat' dir='ltr'>inquit</span> <span class='ocrx_word' id='word_1_103' title='bbox 175 1392 216 1456; x_wconf 95' lang='lat' dir='ltr'>hi</span> <span class='ocrx_word' id='word_1_104' title='bbox 230 1393 390 1478; x_wconf 91' lang='lat' dir='ltr'>uiuunt,</span> <span class='ocrx_word' id='word_1_105' title='bbox 408 1393 474 1476; x_wconf 90' lang='lat' dir='ltr'>qui</span> <span class='ocrx_word' id='word_1_106' title='bbox 495 1415 512 1458; x_wconf 93' lang='lat' dir='ltr'>e</span> <span class='ocrx_word' id='word_1_107' title='bbox 534 1415 741 1478; x_wconf 87' lang='lat' dir='ltr'>corporum</span> <span class='ocrx_word' id='word_1_108' title='bbox 760 1394 911 1459; x_wconf 89' lang='lat' dir='ltr'>uinclis</span> <span class='ocrx_word' id='word_1_109' title='bbox 932 1397 1023 1459; x_wconf 91' lang='lat' dir='ltr'>tam·</span> 
     </span>
     <span class='ocr_line' id='line_1_15' title="bbox 57 1478 1024 1561; baseline 0.004 -21"><span class='ocrx_word' id='word_1_110' title='bbox 57 1498 170 1560; x_wconf 90' lang='lat' dir='ltr'>quam</span> <span class='ocrx_word' id='word_1_111' title='bbox 196 1499 213 1541; x_wconf 90' lang='lat' dir='ltr'>e</span> <span class='ocrx_word' id='word_1_112' title='bbox 241 1499 420 1561; x_wconf 88' lang='lat' dir='ltr'>carcere,</span> <span class='ocrx_word' id='word_1_113' title='bbox 456 1478 735 1544; x_wconf 90' lang='lat' dir='ltr'>euolauerunt:</span> <span class='ocrx_word' id='word_1_114' title='bbox 769 1483 906 1544; x_wconf 88' lang='lat' dir='ltr'>uestra</span> <span class='ocrx_word' id='word_1_115' title='bbox 932 1499 1024 1545; x_wconf 91' lang='lat' dir='ltr'>uero</span> 
     </span>
     <span class='ocr_line' id='line_1_16' title="bbox 19 1561 1061 1646; baseline 0.01 -26"><span class='ocrx_word' id='word_1_116' title='bbox 19 1582 154 1646; x_wconf 75' lang='lat' dir='ltr'>aquae</span> <span class='ocrx_word' id='word_1_117' title='bbox 175 1561 325 1626; x_wconf 84' lang='lat' dir='ltr'>dicitur</span> <span class='ocrx_word' id='word_1_118' title='bbox 351 1583 436 1627; x_wconf 91' lang='lat' dir='ltr'>esse</span> <span class='ocrx_word' id='word_1_119' title='bbox 456 1563 541 1627; x_wconf 90' lang='lat' dir='ltr'>uita</span> <span class='ocrx_word' id='word_1_120' title='bbox 562 1585 664 1628; x_wconf 90' lang='lat' dir='ltr'>mors</span> <span class='ocrx_word' id='word_1_121' title='bbox 687 1566 756 1629; x_wconf 84' lang='lat' dir='ltr'>est.</span> <span class='ocrx_word' id='word_1_122' title='bbox 795 1564 823 1628; x_wconf 90' lang='lat' dir='ltr'>si</span> <span class='ocrx_word' id='word_1_123' title='bbox 846 1564 886 1628; x_wconf 90' lang='lat' dir='ltr'>ad</span> <span class='ocrx_word' id='word_1_124' title='bbox 905 1564 1061 1630; x_wconf 75' lang='lat' dir='ltr'>inferos&#39;l</span> 
     </span>
     <span class='ocr_line' id='line_1_17' title="bbox 55 1647 1024 1732; baseline 0.003 -22"><span class='ocrx_word' id='word_1_125' title='bbox 55 1667 162 1711; x_wconf 89' lang='lat' dir='ltr'>meare</span> <span class='ocrx_word' id='word_1_126' title='bbox 177 1668 262 1712; x_wconf 89' lang='lat' dir='ltr'>mors</span> <span class='ocrx_word' id='word_1_127' title='bbox 275 1650 325 1712; x_wconf 88' lang='lat' dir='ltr'>est</span> <span class='ocrx_word' id='word_1_128' title='bbox 339 1650 372 1712; x_wconf 89' lang='lat' dir='ltr'>et</span> <span class='ocrx_word' id='word_1_129' title='bbox 386 1647 454 1711; x_wconf 88' lang='lat' dir='ltr'>uita</span> <span class='ocrx_word' id='word_1_130' title='bbox 470 1651 519 1711; x_wconf 88' lang='lat' dir='ltr'>est</span> <span class='ocrx_word' id='word_1_131' title='bbox 533 1669 601 1713; x_wconf 86' lang='lat' dir='ltr'>esse</span> <span class='ocrx_word' id='word_1_132' title='bbox 614 1670 685 1713; x_wconf 92' lang='lat' dir='ltr'>cum</span> <span class='ocrx_word' id='word_1_133' title='bbox 697 1648 835 1732; x_wconf 84' lang='lat' dir='ltr'>superis,</span> <span class='ocrx_word' id='word_1_134' title='bbox 852 1648 947 1713; x_wconf 86' lang='lat' dir='ltr'>facilc</span> <span class='ocrx_word' id='word_1_135' title='bbox 963 1650 1024 1714; x_wconf 91' lang='lat' dir='ltr'>dis·</span> 
     </span>
     <span class='ocr_line' id='line_1_18' title="bbox 57 1732 1024 1818; baseline 0.001 -22"><span class='ocrx_word' id='word_1_136' title='bbox 57 1732 161 1796; x_wconf 87' lang='lat' dir='ltr'>cernis</span> <span class='ocrx_word' id='word_1_137' title='bbox 182 1753 264 1818; x_wconf 90' lang='lat' dir='ltr'>quae</span> <span class='ocrx_word' id='word_1_138' title='bbox 282 1754 367 1798; x_wconf 90' lang='lat' dir='ltr'>mors</span> <span class='ocrx_word' id='word_1_139' title='bbox 388 1733 531 1815; x_wconf 87' lang='lat' dir='ltr'>animae,</span> <span class='ocrx_word' id='word_1_140' title='bbox 555 1754 636 1817; x_wconf 90' lang='lat' dir='ltr'>quae</span> <span class='ocrx_word' id='word_1_141' title='bbox 654 1734 724 1796; x_wconf 88' lang='lat' dir='ltr'>uita</span> <span class='ocrx_word' id='word_1_142' title='bbox 740 1732 898 1797; x_wconf 88' lang='lat' dir='ltr'>credenda</span> <span class='ocrx_word' id='word_1_143' title='bbox 914 1733 972 1816; x_wconf 91' lang='lat' dir='ltr'>sit,</span> <span class='ocrx_word' id='word_1_144' title='bbox 997 1734 1024 1797; x_wconf 86' lang='lat' dir='ltr'>si</span> 
     </span>
     <span class='ocr_line' id='line_1_19' title="bbox 57 1816 1024 1901; baseline 0.001 -21"><span class='ocrx_word' id='word_1_145' title='bbox 57 1818 238 1882; x_wconf 89' lang='lat' dir='ltr'>constiterit</span> <span class='ocrx_word' id='word_1_146' title='bbox 249 1818 303 1901; x_wconf 91' lang='lat' dir='ltr'>qui</span> <span class='ocrx_word' id='word_1_147' title='bbox 314 1818 401 1882; x_wconf 89' lang='lat' dir='ltr'>locus</span> <span class='ocrx_word' id='word_1_148' title='bbox 413 1816 581 1882; x_wconf 89' lang='lat' dir='ltr'>habendus</span> <span class='ocrx_word' id='word_1_149' title='bbox 597 1817 640 1881; x_wconf 90' lang='lat' dir='ltr'>sit</span> <span class='ocrx_word' id='word_1_150' title='bbox 655 1816 843 1900; x_wconf 85' lang='lat' dir='ltr'>inferorum,</span> <span class='ocrx_word' id='word_1_151' title='bbox 863 1819 900 1880; x_wconf 91' lang='lat' dir='ltr'>ut</span> <span class='ocrx_word' id='word_1_152' title='bbox 915 1817 1024 1881; x_wconf 86' lang='lat' dir='ltr'>anima</span> 
     </span>
     <span class='ocr_line' id='line_1_20' title="bbox 56 1899 1021 1985; baseline 0.001 -21"><span class='ocrx_word' id='word_1_153' title='bbox 56 1902 131 1965; x_wconf 92' lang='lat' dir='ltr'>dum</span> <span class='ocrx_word' id='word_1_154' title='bbox 146 1901 186 1965; x_wconf 90' lang='lat' dir='ltr'>ad</span> <span class='ocrx_word' id='word_1_155' title='bbox 201 1901 288 1966; x_wconf 92' lang='lat' dir='ltr'>hunc</span> <span class='ocrx_word' id='word_1_156' title='bbox 308 1903 449 1966; x_wconf 89' lang='lat' dir='ltr'>truditur</span> <span class='ocrx_word' id='word_1_157' title='bbox 469 1900 566 1984; x_wconf 90' lang='lat' dir='ltr'>mori,</span> <span class='ocrx_word' id='word_1_158' title='bbox 591 1922 664 1965; x_wconf 90' lang='lat' dir='ltr'>cum</span> <span class='ocrx_word' id='word_1_159' title='bbox 687 1900 728 1964; x_wconf 86' lang='lat' dir='ltr'>ab</span> <span class='ocrx_word' id='word_1_160' title='bbox 749 1899 810 1964; x_wconf 90' lang='lat' dir='ltr'>hoc</span> <span class='ocrx_word' id='word_1_161' title='bbox 830 1901 942 1985; x_wconf 88' lang='lat' dir='ltr'>procul</span> <span class='ocrx_word' id='word_1_162' title='bbox 963 1905 1021 1985; x_wconf 86' lang='lat' dir='ltr'>est,</span> 
     </span>
     <span class='ocr_line' id='line_1_21' title="bbox 16 1984 1060 2069; baseline 0.004 -24"><span class='ocrx_word' id='word_1_163' title='bbox 16 1986 124 2049; x_wconf 82' lang='lat' dir='ltr'>acuite</span> <span class='ocrx_word' id='word_1_164' title='bbox 143 1986 207 2050; x_wconf 87' lang='lat' dir='ltr'>frui</span> <span class='ocrx_word' id='word_1_165' title='bbox 230 1989 263 2049; x_wconf 92' lang='lat' dir='ltr'>et</span> <span class='ocrx_word' id='word_1_166' title='bbox 284 2007 358 2050; x_wconf 90' lang='lat' dir='ltr'>uere</span> <span class='ocrx_word' id='word_1_167' title='bbox 381 2006 547 2069; x_wconf 82' lang='lat' dir='ltr'>superesse</span> <span class='ocrx_word' id='word_1_168' title='bbox 569 1985 726 2050; x_wconf 88' lang='lat' dir='ltr'>credatur.</span> <span class='ocrx_word' id='word_1_169' title='bbox 772 1987 804 2049; x_wconf 89' lang='lat' dir='ltr'>et</span> <span class='ocrx_word' id='word_1_170' title='bbox 825 1984 900 2068; x_wconf 88' lang='lat' dir='ltr'>quia</span> <span class='ocrx_word' id='word_1_171' title='bbox 920 1989 1024 2050; x_wconf 87' lang='lat' dir='ltr'>totum</span> <span class='ocrx_word' id='word_1_172' title='bbox 1041 1987 1060 2049; x_wconf 85' lang='lat'><em>8</em></span> 
     </span>
     <span class='ocr_line' id='line_1_22' title="bbox 54 2069 1024 2155; baseline 0.002 -22"><span class='ocrx_word' id='word_1_173' title='bbox 54 2073 239 2154; x_wconf 88' lang='lat' dir='ltr'>tractatum,</span> <span class='ocrx_word' id='word_1_174' title='bbox 263 2092 357 2154; x_wconf 85' lang='lat' dir='ltr'>quem</span> <span class='ocrx_word' id='word_1_175' title='bbox 378 2074 522 2135; x_wconf 91' lang='lat' dir='ltr'>ueterum</span> <span class='ocrx_word' id='word_1_176' title='bbox 544 2069 704 2154; x_wconf 91' lang='lat' dir='ltr'>sapientia</span> <span class='ocrx_word' id='word_1_177' title='bbox 718 2069 757 2133; x_wconf 89' lang='lat' dir='ltr'>de</span> <span class='ocrx_word' id='word_1_178' title='bbox 771 2069 1024 2155; x_wconf 87' lang='lat' dir='ltr'>inuestigatione</span> 
     </span>
     <span class='ocr_line' id='line_1_23' title="bbox 55 2153 1024 2240; baseline 0.001 -22"><span class='ocrx_word' id='word_1_179' title='bbox 55 2155 150 2219; x_wconf 89' lang='lat' dir='ltr'>huius</span> <span class='ocrx_word' id='word_1_180' title='bbox 173 2155 370 2239; x_wconf 87' lang='lat' dir='ltr'>quaestionis</span> <span class='ocrx_word' id='word_1_181' title='bbox 385 2155 533 2240; x_wconf 86' lang='lat' dir='ltr'>agitauit,</span> <span class='ocrx_word' id='word_1_182' title='bbox 557 2155 594 2218; x_wconf 91' lang='lat' dir='ltr'>in</span> <span class='ocrx_word' id='word_1_183' title='bbox 607 2153 669 2218; x_wconf 91' lang='lat' dir='ltr'>hac</span> <span class='ocrx_word' id='word_1_184' title='bbox 683 2153 840 2235; x_wconf 82' lang='lat' dir='ltr'>latentem</span> <span class='ocrx_word' id='word_1_185' title='bbox 854 2155 1024 2219; x_wconf 92' lang='lat' dir='ltr'>uerborum</span> 
     </span>
     <span class='ocr_line' id='line_1_24' title="bbox 55 2239 1023 2327; baseline 0.001 -24"><span class='ocrx_word' id='word_1_186' title='bbox 55 2242 218 2324; x_wconf 85' lang='lat' dir='ltr'>paucitate</span> <span class='ocrx_word' id='word_1_187' title='bbox 240 2241 412 2327; x_wconf 90' lang='lat' dir='ltr'>repperies,</span> <span class='ocrx_word' id='word_1_188' title='bbox 437 2262 475 2304; x_wconf 85' lang='lat' dir='ltr'>ex</span> <span class='ocrx_word' id='word_1_189' title='bbox 498 2239 646 2304; x_wconf 91' lang='lat' dir='ltr'>omnibus</span> <span class='ocrx_word' id='word_1_190' title='bbox 669 2239 792 2324; x_wconf 90' lang='lat' dir='ltr'>aliqua,</span> <span class='ocrx_word' id='word_1_191' title='bbox 822 2240 936 2323; x_wconf 92' lang='lat' dir='ltr'>quibus</span> <span class='ocrx_word' id='word_1_192' title='bbox 963 2261 1023 2304; x_wconf 91' lang='lat' dir='ltr'>nos</span> 
     </span>
     <span class='ocr_line' id='line_1_25' title="bbox 56 2322 1024 2410; baseline 0 -21"><span class='ocrx_word' id='word_1_193' title='bbox 56 2326 95 2389; x_wconf 89' lang='lat' dir='ltr'>de</span> <span class='ocrx_word' id='word_1_194' title='bbox 123 2326 170 2389; x_wconf 95' lang='lat' dir='ltr'>rei</span> <span class='ocrx_word' id='word_1_195' title='bbox 198 2348 294 2410; x_wconf 91' lang='lat' dir='ltr'>quam</span> <span class='ocrx_word' id='word_1_196' title='bbox 316 2325 497 2410; x_wconf 88' lang='lat' dir='ltr'>quaerimus</span> <span class='ocrx_word' id='word_1_197' title='bbox 526 2323 726 2389; x_wconf 89' lang='lat' dir='ltr'>absolutione</span> <span class='ocrx_word' id='word_1_198' title='bbox 754 2322 894 2389; x_wconf 83' lang='lat' dir='ltr'>sufficiet</span> <span class='ocrx_word' id='word_1_199' title='bbox 916 2325 1024 2389; x_wconf 89' lang='lat' dir='ltr'>admo-</span> 
     </span>
     <span class='ocr_line' id='line_1_26' title="bbox 17 2407 1061 2495; baseline 0.002 -26"><span class='ocrx_word' id='word_1_200' title='bbox 17 2431 42 2471; x_wconf 77' lang='lat'>25</span> <span class='ocrx_word' id='word_1_201' title='bbox 56 2412 126 2475; x_wconf 91' lang='lat' dir='ltr'>neri</span> <span class='ocrx_word' id='word_1_202' title='bbox 142 2433 249 2476; x_wconf 89' lang='lat' dir='ltr'>amore</span> <span class='ocrx_word' id='word_1_203' title='bbox 260 2410 427 2476; x_wconf 90' lang='lat' dir='ltr'>breuitatis</span> <span class='ocrx_word' id='word_1_204' title='bbox 442 2411 668 2494; x_wconf 77' lang='lat' dir='ltr'>excerpsimus.</span> <span class='ocrx_word' id='word_1_205' title='bbox 696 2411 869 2495; x_wconf 88' lang='lat' dir='ltr'>antequam</span> <span class='ocrx_word' id='word_1_206' title='bbox 884 2409 1024 2474; x_wconf 87' lang='lat' dir='ltr'>studium</span> <span class='ocrx_word' id='word_1_207' title='bbox 1041 2407 1061 2471; x_wconf 90' lang='lat'>9</span> 
     </span>
     <span class='ocr_line' id='line_1_27' title="bbox 55 2493 1024 2580; baseline 0.002 -24"><span class='ocrx_word' id='word_1_208' title='bbox 55 2495 276 2580; x_wconf 89' lang='lat' dir='ltr'>philosophiae</span> <span class='ocrx_word' id='word_1_209' title='bbox 299 2497 384 2561; x_wconf 90' lang='lat' dir='ltr'>circa</span> <span class='ocrx_word' id='word_1_210' title='bbox 405 2498 542 2560; x_wconf 90' lang='lat' dir='ltr'>naturae</span> <span class='ocrx_word' id='word_1_211' title='bbox 562 2493 805 2580; x_wconf 88' lang='lat' dir='ltr'>inquisitionem</span> <span class='ocrx_word' id='word_1_212' title='bbox 834 2494 873 2558; x_wconf 90' lang='lat' dir='ltr'>ad</span> <span class='ocrx_word' id='word_1_213' title='bbox 895 2497 1024 2559; x_wconf 89' lang='lat' dir='ltr'>tantum</span> 
     </span>
     <span class='ocr_line' id='line_1_28' title="bbox 55 2580 1024 2666; baseline 0.002 -24"><span class='ocrx_word' id='word_1_214' title='bbox 55 2581 177 2664; x_wconf 86' lang='lat' dir='ltr'>uigoris</span> <span class='ocrx_word' id='word_1_215' title='bbox 200 2580 405 2665; x_wconf 83' lang='lat' dir='ltr'>adolesceret,</span> <span class='ocrx_word' id='word_1_216' title='bbox 428 2581 482 2666; x_wconf 92' lang='lat' dir='ltr'>qui</span> <span class='ocrx_word' id='word_1_217' title='bbox 504 2602 562 2665; x_wconf 91' lang='lat' dir='ltr'>per</span> <span class='ocrx_word' id='word_1_218' title='bbox 584 2580 727 2644; x_wconf 86' lang='lat' dir='ltr'>diuersas</span> <span class='ocrx_word' id='word_1_219' title='bbox 747 2581 863 2664; x_wconf 85' lang='lat' dir='ltr'>gentes</span> <span class='ocrx_word' id='word_1_220' title='bbox 878 2581 1024 2645; x_wconf 83' lang='lat' dir='ltr'>auctores</span> 
     </span>
     <span class='ocr_line' id='line_1_29' title="bbox 58 2664 1024 2748; baseline 0.001 -21"><span class='ocrx_word' id='word_1_221' title='bbox 58 2664 291 2731; x_wconf 85' lang='lat' dir='ltr'>constituendis</span> <span class='ocrx_word' id='word_1_222' title='bbox 306 2667 407 2731; x_wconf 87' lang='lat' dir='ltr'>sacris</span> <span class='ocrx_word' id='word_1_223' title='bbox 419 2664 684 2730; x_wconf 88' lang='lat' dir='ltr'>caerimoniarum</span> <span class='ocrx_word' id='word_1_224' title='bbox 698 2664 841 2748; x_wconf 86' lang='lat' dir='ltr'>fuerunt,</span> <span class='ocrx_word' id='word_1_225' title='bbox 858 2664 1024 2729; x_wconf 90' lang='lat' dir='ltr'>aliudesse</span> 
     </span>
     <span class='ocr_line' id='line_1_30' title="bbox 56 2747 1024 2834; baseline 0.001 -22"><span class='ocrx_word' id='word_1_226' title='bbox 56 2747 177 2812; x_wconf 85' lang='lat' dir='ltr'>inferos</span> <span class='ocrx_word' id='word_1_227' title='bbox 206 2755 412 2834; x_wconf 88' lang='lat' dir='ltr'>negauerunt</span> <span class='ocrx_word' id='word_1_228' title='bbox 438 2771 534 2834; x_wconf 91' lang='lat' dir='ltr'>quam</span> <span class='ocrx_word' id='word_1_229' title='bbox 560 2750 632 2833; x_wconf 88' lang='lat' dir='ltr'>ipsa</span> <span class='ocrx_word' id='word_1_230' title='bbox 661 2770 809 2833; x_wconf 87' lang='lat' dir='ltr'>corpora,</span> <span class='ocrx_word' id='word_1_231' title='bbox 838 2749 953 2834; x_wconf 89' lang='lat' dir='ltr'>quibus</span> <span class='ocrx_word' id='word_1_232' title='bbox 976 2749 1024 2813; x_wconf 93' lang='lat' dir='ltr'>in-</span> 
     </span>
     <span class='ocr_line' id='line_1_31' title="bbox 17 2833 1025 2899; baseline 0.003 -4"><span class='ocrx_word' id='word_1_233' title='bbox 17 2856 44 2894; x_wconf 82' lang='lat' dir='ltr'>ao</span> <span class='ocrx_word' id='word_1_234' title='bbox 58 2833 163 2897; x_wconf 84' lang='lat' dir='ltr'>clusae</span> <span class='ocrx_word' id='word_1_235' title='bbox 192 2834 319 2898; x_wconf 87' lang='lat' dir='ltr'>animae</span> <span class='ocrx_word' id='word_1_236' title='bbox 346 2855 507 2898; x_wconf 89' lang='lat' dir='ltr'>carcerem</span> <span class='ocrx_word' id='word_1_237' title='bbox 532 2833 662 2899; x_wconf 88' lang='lat' dir='ltr'>foedum</span> <span class='ocrx_word' id='word_1_238' title='bbox 688 2834 831 2898; x_wconf 86' lang='lat' dir='ltr'>tenebris</span> <span class='ocrx_word' id='word_1_239' title='bbox 860 2834 1025 2899; x_wconf 92' lang='lat' dir='ltr'>horridum</span> 
     </span>
     <span class='ocr_line' id='line_1_32' title="bbox 57 2917 1077 3003; baseline -0.002 -21"><span class='ocrx_word' id='word_1_240' title='bbox 57 2918 201 2982; x_wconf 86' lang='lat' dir='ltr'>sordibus</span> <span class='ocrx_word' id='word_1_241' title='bbox 229 2922 262 2983; x_wconf 85' lang='lat' dir='ltr'>et</span> <span class='ocrx_word' id='word_1_242' title='bbox 294 2939 405 2983; x_wconf 90' lang='lat' dir='ltr'>cruore</span> <span class='ocrx_word' id='word_1_243' title='bbox 437 2918 615 3002; x_wconf 88' lang='lat' dir='ltr'>patiuntur.</span> <span class='ocrx_word' id='word_1_244' title='bbox 666 2917 728 2984; x_wconf 88' lang='lat' dir='ltr'>hoc</span> <span class='ocrx_word' id='word_1_245' title='bbox 761 2918 888 2983; x_wconf 89' lang='lat' dir='ltr'>animae</span> <span class='ocrx_word' id='word_1_246' title='bbox 921 2919 1024 3003; x_wconf 88' lang='lat' dir='ltr'>sepul·</span> <span class='ocrx_word' id='word_1_247' title='bbox 1036 2918 1077 2981; x_wconf 88' lang='lat'>10</span> 
     </span>
    </p>
   </div>
   <div class='ocr_carea' id='block_1_3' title="bbox 56 3115 1030 3463">
    <p class='ocr_par' dir='ltr' id='par_1_3' title="bbox 56 3115 1030 3463">
     <span class='ocr_line' id='line_1_33' title="bbox 125 3115 1025 3192; baseline -0.002 -16"><span class='ocrx_word' id='word_1_248' title='bbox 125 3127 212 3192; x_wconf 80' lang='lat' dir='ltr'>2un</span> <span class='ocrx_word' id='word_1_249' title='bbox 232 3124 283 3175; x_wconf 83' lang='lat' dir='ltr'>s1b1</span> <span class='ocrx_word' id='word_1_250' title='bbox 302 3127 398 3176; x_wconf 78' lang='lat' dir='ltr'>iterata</span> <span class='ocrx_word' id='word_1_251' title='bbox 414 3141 431 3174; x_wconf 87' lang='lat' dir='ltr'>u</span> <span class='ocrx_word' id='word_1_252' title='bbox 448 3115 480 3177; x_wconf 93' lang='lat' dir='ltr'>P&#39;</span> <span class='ocrx_word' id='word_1_253' title='bbox 544 3123 724 3177; x_wconf 84' lang='lat' dir='ltr'>adductumb</span> <span class='ocrx_word' id='word_1_254' title='bbox 780 3126 809 3175; x_wconf 88' lang='lat'>.4</span> <span class='ocrx_word' id='word_1_255' title='bbox 826 3129 983 3176; x_wconf 84' lang='lat' dir='ltr'>tractantur</span> <span class='ocrx_word' id='word_1_256' title='bbox 998 3125 1025 3174; x_wconf 91' lang='lat' dir='ltr'><em>B</em></span> 
     </span>
     <span class='ocr_line' id='line_1_34' title="bbox 57 3185 1025 3261; baseline -0.003 -16"><span class='ocrx_word' id='word_1_257' title='bbox 57 3194 186 3260; x_wconf 85' lang='lat' dir='ltr'>51nqu1d</span> <span class='ocrx_word' id='word_1_258' title='bbox 205 3187 237 3243; x_wconf 87' lang='lat' dir='ltr'>P&#39;</span> <span class='ocrx_word' id='word_1_259' title='bbox 288 3195 369 3258; x_wconf 79' lang='lat' dir='ltr'>&#39;lqur</span> <span class='ocrx_word' id='word_1_260' title='bbox 387 3197 480 3243; x_wconf 84' lang='lat' dir='ltr'>autern</span> <span class='ocrx_word' id='word_1_261' title='bbox 497 3185 531 3244; x_wconf 89' lang='lat' dir='ltr'>B&#39;</span> <span class='ocrx_word' id='word_1_262' title='bbox 601 3195 632 3243; x_wconf 91' lang='lat'>11</span> <span class='ocrx_word' id='word_1_263' title='bbox 651 3191 797 3261; x_wconf 75' lang='lat' dir='ltr'>&amp;decens</span> <span class='ocrx_word' id='word_1_264' title='bbox 810 3195 836 3244; x_wconf 91' lang='lat' dir='ltr'><em>P</em></span> <span class='ocrx_word' id='word_1_265' title='bbox 902 3196 935 3244; x_wconf 95' lang='grc'>12</span> <span class='ocrx_word' id='word_1_266' title='bbox 953 3193 1025 3258; x_wconf 89' lang='lat' dir='ltr'>quod</span> 
     </span>
     <span class='ocr_line' id='line_1_35' title="bbox 56 3253 1025 3326; baseline -0.004 -13"><span class='ocrx_word' id='word_1_267' title='bbox 56 3253 90 3313; x_wconf 87' lang='lat' dir='ltr'>B&#39;</span> <span class='ocrx_word' id='word_1_268' title='bbox 161 3264 192 3313; x_wconf 87' lang='grc'>16</span> <span class='ocrx_word' id='word_1_269' title='bbox 210 3262 340 3313; x_wconf 75' lang='lat' dir='ltr'>discernit</span> <span class='ocrx_word' id='word_1_270' title='bbox 358 3260 383 3310; x_wconf 89' lang='lat' dir='ltr'><em>B</em></span> <span class='ocrx_word' id='word_1_271' title='bbox 451 3263 485 3313; x_wconf 90' lang='grc'>20</span> <span class='ocrx_word' id='word_1_272' title='bbox 501 3262 556 3312; x_wconf 78' lang='lat' dir='ltr'>frui</span> <span class='ocrx_word' id='word_1_273' title='bbox 575 3264 603 3312; x_wconf 87' lang='lat' dir='ltr'>et</span> <span class='ocrx_word' id='word_1_274' title='bbox 620 3270 778 3313; x_wconf 73' lang='lat' dir='ltr'>creauerunt</span> <span class='ocrx_word' id='word_1_275' title='bbox 793 3261 865 3313; x_wconf 84' lang='lat' dir='ltr'>icB</span> <span class='ocrx_word' id='word_1_276' title='bbox 917 3276 1025 3326; x_wconf 77' lang='lat' dir='ltr'>quia-</span> 
     </span>
     <span class='ocr_line' id='line_1_36' title="bbox 56 3321 1030 3396; baseline -0.003 -15"><span class='ocrx_word' id='word_1_277' title='bbox 56 3333 88 3381; x_wconf 86' lang='grc'>21</span> <span class='ocrx_word' id='word_1_278' title='bbox 108 3345 187 3394; x_wconf 88' lang='lat' dir='ltr'>quern</span> <span class='ocrx_word' id='word_1_279' title='bbox 206 3337 363 3382; x_wconf 73' lang='lat' dir='ltr'>cucurrerunt</span> <span class='ocrx_word' id='word_1_280' title='bbox 379 3330 406 3380; x_wconf 80' lang='lat' dir='ltr'>iu</span> <span class='ocrx_word' id='word_1_281' title='bbox 424 3329 450 3380; x_wconf 91' lang='lat' dir='ltr'><em>B</em></span> <span class='ocrx_word' id='word_1_282' title='bbox 518 3331 550 3381; x_wconf 78' lang='lat'>21</span> <span class='ocrx_word' id='word_1_283' title='bbox 570 3329 703 3396; x_wconf 73' lang='lat' dir='ltr'>famentre</span> <span class='ocrx_word' id='word_1_284' title='bbox 721 3321 755 3381; x_wconf 66' lang='lat' dir='ltr'>P*</span> <span class='ocrx_word' id='word_1_285' title='bbox 821 3331 854 3381; x_wconf 87' lang='grc'>22</span> <span class='ocrx_word' id='word_1_286' title='bbox 872 3328 1030 3395; x_wconf 76' lang='lat' dir='ltr'>questrones</span> 
     </span>
     <span class='ocr_line' id='line_1_37' title="bbox 58 3389 1023 3463; baseline -0.001 -15"><span class='ocrx_word' id='word_1_287' title='bbox 58 3393 230 3461; x_wconf 72' lang='lat' dir='ltr'>ag1taturF</span> <span class='ocrx_word' id='word_1_288' title='bbox 310 3389 533 3450; x_wconf 79' lang='lat' dir='ltr'>24suff1c1atB&#39;</span> <span class='ocrx_word' id='word_1_289' title='bbox 603 3394 768 3463; x_wconf 75' lang='lat' dir='ltr'>emlmonerc</span> <span class='ocrx_word' id='word_1_290' title='bbox 787 3396 812 3447; x_wconf 89' lang='lat' dir='ltr'><em>B</em></span> <span class='ocrx_word' id='word_1_291' title='bbox 880 3399 914 3448; x_wconf 78' lang='lat'>25</span> <span class='ocrx_word' id='word_1_292' title='bbox 932 3398 1023 3462; x_wconf 65' lang='lat' dir='ltr'>exerp2</span> 
     </span>
    </p>
   </div>
   <div class='ocr_carea' id='block_1_4' title="bbox 56 3456 1026 3602">
    <p class='ocr_par' dir='ltr' id='par_1_4' title="bbox 56 3456 1026 3602">
     <span class='ocr_line' id='line_1_38' title="bbox 56 3456 1026 3531; baseline -0.002 -15"><span class='ocrx_word' id='word_1_293' title='bbox 56 3465 158 3531; x_wconf 83' lang='lat' dir='ltr'>sprmul</span> <span class='ocrx_word' id='word_1_294' title='bbox 173 3457 207 3516; x_wconf 89' lang='lat' dir='ltr'>B&#39;</span> <span class='ocrx_word' id='word_1_295' title='bbox 276 3469 310 3518; x_wconf 83' lang='grc'>26</span> <span class='ocrx_word' id='word_1_296' title='bbox 328 3482 363 3518; x_wconf 88' lang='lat' dir='ltr'>ac</span> <span class='ocrx_word' id='word_1_297' title='bbox 379 3466 405 3517; x_wconf 91' lang='lat' dir='ltr'><em>B</em></span> <span class='ocrx_word' id='word_1_298' title='bbox 462 3467 495 3517; x_wconf 80' lang='grc'>27</span> <span class='ocrx_word' id='word_1_299' title='bbox 508 3464 671 3517; x_wconf 83' lang='lat' dir='ltr'>adolescent</span> <span class='ocrx_word' id='word_1_300' title='bbox 686 3457 720 3516; x_wconf 83' lang='lat' dir='ltr'>B&#39;</span> <span class='ocrx_word' id='word_1_301' title='bbox 772 3463 896 3516; x_wconf 85' lang='lat' dir='ltr'>druersus</span> <span class='ocrx_word' id='word_1_302' title='bbox 909 3456 942 3513; x_wconf 80' lang='lat' dir='ltr'>P‘</span> <span class='ocrx_word' id='word_1_303' title='bbox 992 3465 1026 3515; x_wconf 90' lang='grc'>28</span> 
     </span>
     <span class='ocr_line' id='line_1_39' title="bbox 58 3529 953 3602; baseline -0.004 -18"><span class='ocrx_word' id='word_1_304' title='bbox 58 3535 210 3584; x_wconf 76' lang='lat' dir='ltr'>cerimonnl</span> <span class='ocrx_word' id='word_1_305' title='bbox 229 3550 306 3586; x_wconf 88' lang='lat' dir='ltr'>arum</span> <span class='ocrx_word' id='word_1_306' title='bbox 323 3529 356 3586; x_wconf 86' lang='lat' dir='ltr'>P&#39;</span> <span class='ocrx_word' id='word_1_307' title='bbox 422 3536 456 3588; x_wconf 76' lang='grc'>20</span> <span class='ocrx_word' id='word_1_308' title='bbox 474 3533 570 3602; x_wconf 72' lang='lat' dir='ltr'>fedum</span> <span class='ocrx_word' id='word_1_309' title='bbox 587 3534 613 3583; x_wconf 91' lang='lat' dir='ltr'><strong><em>P</em></strong></span> <span class='ocrx_word' id='word_1_310' title='bbox 679 3535 713 3586; x_wconf 75' lang='lat'>31</span> <span class='ocrx_word' id='word_1_311' title='bbox 730 3533 953 3600; x_wconf 58' lang='lat' dir='ltr'>sepulchrum</span> 
     </span>
    </p>
   </div>
   <div class='ocr_carea' id='block_1_5' title="bbox 105 3650 265 3690">
    <p class='ocr_par' dir='ltr' id='par_1_5' title="bbox 105 3650 265 3690">
     <span class='ocr_line' id='line_1_40' title="bbox 105 3650 265 3690; baseline 0.038 -6"><span class='ocrx_word' id='word_1_312' title='bbox 105 3650 265 3690; x_wconf 69' lang='lat' dir='ltr'><em>MACROBH&#39;S</em></span> 
     </span>
    </p>
   </div>
   <div class='ocr_carea' id='block_1_6' title="bbox 0 0 1193 3878">
    <p class='ocr_par' dir='ltr' id='par_1_6' title="bbox 0 0 1193 3878">
     <span class='ocr_line' id='line_1_41' title="bbox 0 0 1193 3878; baseline 0 0"><span class='ocrx_word' id='word_1_313' title='bbox 0 0 1193 3878; x_wconf 95' lang='lat' dir='ltr'> </span> 
     </span>
    </p>
   </div>
  </div>
 </body>
</html>
