2362 3878
371 195 466 261 x1111,
483 188 586 242 8-15.
614 195 673 262 xv,
690 189 765 241 1—3
990 181 1053 246 203

83 368 228 412 sermone
258 348 383 411 diuerso
416 347 650 432 pronuntiaret.
701 368 783 431 quae
816 370 867 412 res
896 349 935 412 ad
966 349 1052 415 hanc

84 433 162 496 artis
185 454 261 496 suae
283 431 434 496 fiduciam
447 432 601 497 Roscium
622 432 780 496 abstraxit
794 436 830 497 ut
843 433 962 497 librum
978 456 1051 499 con-

83 518 236 582 scriberet
252 539 314 601 quo
330 517 547 601 eloquentiam
563 539 635 581 cum
650 517 822 581 histrionia
837 523 1047 602 compararet.

82 604 110 665 is
134 605 182 666 est
196 600 332 666 Roscius
355 603 409 686 qui
432 602 529 666 etiam
544 601 580 665 L.
598 601 706 667 Sullae
730 603 912 667 carissimus
933 602 997 667 fuit
1019 608 1052 668 et
1063 603 1102 668 13

57 688 179 751 aanulo
203 709 298 750 aureo
322 687 363 750 ab
385 687 495 750 eodem
517 686 675 751 dictatore
697 687 835 751 donatus
858 691 916 752 est.
959 690 1051 753 tanta

83 775 190 836 autem
212 772 275 835 fuit
297 771 404 856 gratia
419 774 451 835 et
466 771 570 856 gloria
584 775 621 836 ut
640 772 819 836 mercedem
841 772 991 837 diurnam
1012 773 1051 836 de

82 856 210 941 publico
225 856 313 919 mille
329 856 476 940 deperios
491 856 560 920 sine
576 856 763 941 gregalibus
778 856 863 921 solus
879 857 1049 941 acceperit.

82 943 278 1025 Aesopum
311 962 387 1005 uero
415 962 453 1004 ex
481 941 552 1023 pari
580 943 649 1005 arte
678 941 842 1005 ducenties
870 942 1052 1005 sestertium
1064 941 1103 1003 14

84 1027 250 1110 reliquisse
273 1025 339 1089 filio
362 1028 500 1089 constat.

43 1131 70 1170 ro
167 1109 229 1176 sed
256 1110 333 1194 quid
359 1109 471 1193 loquor
499 1110 538 1173 de
566 1108 777 1174 histrionibus
801 1131 873 1173 cum
895 1110 1050 1194 Appius

84 1195 272 1260 Claudius
280 1245 288 1277 ,
300 1194 351 1258 uir
363 1193 567 1278 triumphalis
583 1194 637 1278 qui
650 1193 756 1259 Salius
772 1194 813 1257 ad
828 1216 927 1278 usque
943 1216 1051 1260 senec-

82 1283 184 1344 tutem
198 1279 279 1362 fuit,
303 1301 361 1363 pro
377 1280 481 1364 gloria
503 1279 681 1363 optinuerit
703 1279 786 1364 quod
809 1279 896 1344 inter
911 1279 1050 1365 collegas

84 1365 204 1449 optime
227 1363 420 1428 saltitabat?

167 1450 216 1513 Ac
233 1450 419 1533 priusquam
435 1471 453 1512 a
469 1448 639 1512 saltatione
662 1447 790 1513 ffiscedo
812 1448 891 1513 illud
913 1449 1048 1513 adiciam
1063 1450 1102 1514 15

43 1554 69 1594 15
82 1556 146 1598 uno
180 1534 351 1618 eodemque
384 1537 528 1618 tempore
560 1533 664 1598 tribus
692 1533 900 1598 nobilissimis
928 1534 1050 1598 ciuibus

82 1641 149 1683 non
171 1620 264 1683 modo
287 1619 427 1683 studium
449 1618 590 1684 saltandi
612 1618 668 1683 sed
690 1619 798 1702 etiam,
823 1618 850 1682 si
868 1619 916 1683 dis
931 1619 1049 1704 placet,

83 1703 233 1787 peritiam
260 1725 322 1786 qua
351 1703 567 1788 gloriarentur
592 1702 707 1786 fuisse,
738 1702 910 1768 Gabinio
939 1725 1051 1768 consu-

83 1789 159 1870 lari,
190 1789 352 1854 Ciceronis
379 1788 525 1870 inimico,
577 1788 640 1852 uod
669 1789 698 1852 ei
720 1788 818 1852 etiam
847 1787 957 1853 Cicero
984 1810 1051 1853 non
1092 1857 1095 1862 ,

83 1873 322 1937 dissimulanter
343 1873 476 1954 obiecit,
501 1876 533 1936 et
548 1809 593 1936 ill
610 1872 759 1955 Caelio,
782 1875 860 1936 noto
882 1874 917 1936 in
938 1873 1050 1936 turbas

44 1958 168 2040 aluno,
206 1979 300 2041 quem
336 1958 421 2022 idem
451 1957 562 2023 Cicero
591 1957 752 2039 defendit7
791 1959 824 2020 et
859 1956 1050 2020 Licinio

84 2042 240 2124 Crasse,
276 2042 383 2107 Crassi
417 2042 484 2106 eius
518 2042 570 2126 qui
606 2042 690 2125 apud
717 2041 855 2106 Parthos
889 2040 1049 2105 extinctus

83 2130 132 2191 est
152 2127 230 2190 filio.

168 2209 230 2276 Sed
253 2211 291 2274 de
314 2211 484 2276 saltatione
506 2213 652 2276 ueterum
674 2210 714 2274 ad
735 2209 872 2293 praedae
894 2208 1102 2273 marinanV

83 2296 222 2360 transire
254 2295 366 2359 luxum
397 2295 595 2361 liciniorum
630 2316 682 2359 me
718 2315 836 2359 nomen
873 2293 1049 2376 admonuit,

45 2397 161 2465 roquos
190 2379 340 2444 Murenae
370 2381 629 2466 cognominatos,
664 2380 748 2464 quod
775 2379 836 2444 hoc
864 2378 953 2463 pisce
975 2378 1050 2442 effu-

84 2466 207 2530 sissime
230 2465 379 2530 delectati
408 2467 490 2549 sint,
520 2465 599 2546 satis
628 2467 764 2529 constat.
809 2463 885 2527 huie
907 2462 1088 2547 opinioni?

84 2549 128 2614 M.
152 2549 276 2614 Vareno
300 2551 462 2615 consentit
484 2551 633 2615 adserens
662 2550 794 2614 eodem
814 2548 924 2612 modo
946 2547 1051 2611 Lici·

84 2634 173 2697 nios
196 2634 422 2719 appellatos
445 2634 628 2699 Murenae
651 2656 723 2718 quo
746 2633 911 2718 Sergius
927 2631 1051 2697 Orata

86 2719 393 2803 cognominatus
416 2723 492 2802 est,
516 2719 616 2816 quod
638 2719 673 2782 ei
694 2720 826 2803 pisces
849 2716 914 2801 qui
937 2738 1050 2781 aura-

46 2806 148 2866 eotae
170 2807 368 2868 uocantur
391 2803 594 2869 carissimi
615 2803 780 2867 fuerint.
819 2802 873 2866 hic
895 2804 944 2866 est
966 2801 1088 2867 Ser-3

84 2889 173 2972 gius
205 2889 327 2952 Orata
343 2946 345 2951 .
360 2890 415 2973 qui
469 2888 569 2952 rimus
598 2887 731 2951 balneas
758 2886 898 2971 pensiles
926 2885 1049 2969 habuit,

84 2973 206 3055 primus
222 2973 378 3037 ostrearia
394 2975 430 3038 in
445 2911 571 3037 Baiano
591 2972 727 3055 locauit,
750 2972 872 3056 primus
895 2971 1052 3054 optimum

96 3096 158 3102 .--—-
163 3096 279 3103 ..am-..—

152 3161 257 3226 3quod
276 3152 309 3210 B'
378 3161 486 3212 alneio
504 3160 556 3211 BP
608 3160 666 3226 [1119
678 3161 711 3224 P,
729 3159 855 3225 syllaeB
924 3157 1052 3210 8sester·

85 3231 131 3278 ord
149 3230 174 3278 P
260 3231 291 3279 10
309 3229 389 3295 aprus
402 3229 429 3278 B
498 3230 615 3295 11qu1a
632 3231 660 3278 ni
673 3229 754 3292 fallor
770 3218 804 3277 B'
873 3225 957 3292 usque
977 3227 1012 3277 ad
1030 3226 1055 3275 P

88 3297 118 3344 16
137 3296 245 3347 studius
264 3298 288 3347 P
348 3299 379 3349 17
399 3297 507 3348 Ganmo
525 3298 557 3359 P,
576 3310 690 3360 gammo
708 3296 734 3345 B
787 3297 819 3348 18
838 3311 864 3345 er
881 3309 928 3348 om.
944 3293 968 3342 B
1022 3295 1052 3343 19

86 3378 178 3414 marco
196 3365 248 3416 BP
314 3364 412 3415 *colio
430 3365 456 3414 P
522 3365 555 3415 20
573 3378 634 3413 uiro
652 3379 698 3417 om.
714 3363 738 3412 B
807 3365 840 3414 24
859 3365 1010 3412 ammonurt
1027 3359 1053 3408 B

85 3432 118 3480 25
136 3432 205 3496 quas
218 3423 253 3481 B'
338 3434 371 3484 26
390 3432 451 3482 sunt
467 3433 493 3482 P
577 3433 610 3483 30
628 3430 763 3483 karissimi
781 3431 807 3481 P
886 3431 920 3481 32
937 3426 1061 3492 optimu(

84 3505 112 3547 ut
129 3501 181 3550 uid.
200 3493 233 3551 P'
