2362 3878
369 215 445 281 xm,
464 209 592 262 12-20.
616 210 803 282 x1111,1-—2
1006 201 1067 265 527

101 368 223 432 fectum
244 368 377 432 ulterius
399 389 465 432 nou
487 367 622 452 requirit
643 368 697 452 qui
720 368 761 432 ad
781 389 896 452 supera
908 370 1066 454 peruenit.

102 455 157 518 sed
185 454 246 518 hoc
274 454 344 537 ipso
372 474 434 537 quo
462 453 524 517 sibi
553 453 687 517 celerem
714 453 812 518 finem
835 475 891 537 spe
912 455 1067 519 fruendae

101 538 266 603 beatitatis
294 538 443 621 accersit,
477 538 629 603 inret'tur
660 538 775 622 laqueo
808 539 966 622 passionis
993 541 1067 624 quia

101 645 174 708 spes
203 624 287 687 siout
312 624 409 686 timor
430 623 538 706 passio
560 627 626 704 est,
649 622 705 687 sed
728 627 761 686 et
784 626 889 687 cetera
911 645 992 707 quae
1014 646 1066 688 su·

75 710 208 856 sperior
243 707 325 772 ratio
362 707 512 772 disseruit
548 707 696 772 incurrit.
747 711 780 772 et
811 707 872 772 hoc
902 710 953 772 est
983 708 1066 792 quod
1080 708 1117 773 18

128 792 219 856 aulus
241 790 342 855 filium
363 813 420 875 spe
441 793 527 857 uitae
548 792 681 857 uerioris
704 791 744 856 ad
767 813 800 856 se
822 793 933 856 uenire
954 813 1067 876 prope-

101 879 228 940 rantem
255 877 406 960 prohibet
433 898 472 941 ac
500 876 629 961 repellit
655 898 696 941 ne
723 877 914 941 festinatum
943 878 1067 942 absolu·
1154 952 1157 957 ,

100 962 199 1025 tionis
234 961 494 1046 ascensionisque
535 961 725 1027 desiderium
762 963 867 1046 magis
902 983 973 1026 eum
1006 961 1066 1027 hae

100 1047 171 1129 ipsa
186 1046 335 1129 passione
349 1047 473 1110 uinciat
487 1069 525 1111 ac
540 1046 691 1110 retardet.
720 1067 782 1111 nec
797 1047 987 1130 dicitquod,
1003 1047 1067 1111 nisi

62 1151 87 1188 10
100 1152 184 1194 mors
200 1131 356 1194 naturalis
372 1131 553 1215 aduenerit,
578 1131 677 1196 emori
692 1152 758 1195 non
773 1131 894 1216 poteris
902 1181 911 1215 ,
934 1131 989 1196 sed
1004 1132 1067 1196 huc

99 1217 210 1280 uenire
232 1237 298 1280 non
319 1217 451 1300 poteris.
496 1217 578 1280 nisi
606 1216 708 1280 enim
740 1238 823 1280 cum
845 1215 939 1280 deus
961 1214 1117 1299 inquit19

99 1301 192 1364 istis
214 1303 252 1364 te
275 1302 454 1384 corporis
484 1301 679 1366 custodiis
707 1301 964 1384 liberauerit,
993 1302 1066 1365 huc

99 1385 177 1447 tibi
207 1384 338 1449 aditus
365 1388 505 1468 patere
532 1408 611 1451 non
640 1388 776 1471 potest
810 1385 885 1469 quia
913 1385 975 1449 scit
1001 1386 1065 1449 iarn

100 1471 247 1551 receptus
275 1468 311 1533 in
340 1470 462 1534 caelum
484 1471 548 1535 nisi
569 1471 732 1555 perfectae
758 1470 891 1555 puritati
922 1471 1066 1535 caelestis

62 1571 86 1609 ιε’»
100 1552 274 1617 habitaculi
292 1554 414 1617 aditum
428 1576 495 1618 non
517 1559 637 1638 patere.
666 1556 739 1638 pari
760 1560 867 1620 autem
883 1555 1066 1621 constantia

99 1659 184 1701 mors
200 1658 260 1701 nec
274 1640 408 1702 ueniens
423 1660 481 1722 per
495 1643 643 1703 naturam
655 1639 798 1704 timenda
810 1642 859 1704 est
875 1660 936 1704 nec
953 1642 1066 1704 eontra

100 1724 245 1787 ordinem
274 1723 418 1808 cogenda
450 1727 596 1788 naturae.
642 1745 680 1787 ex
708 1722 760 1787 his
788 1745 869 1808 quae
897 1723 1066 1788 Platonem
1075 1723 1117 1788 20

99 1828 241 1892 quaeque
256 1807 419 1872 Plotinum
442 1809 480 1873 de
506 1809 690 1872 uoluntaria
716 1810 819 1872 morte
840 1808 1065 1891 pronuntiasse

99 1893 280 1956 rettulimus
313 1891 396 1955 nihil
427 1893 463 1956 in
495 1893 602 1956 uerbis
639 1890 802 1957 Ciceronis
835 1891 949 1975 quibus
981 1892 1065 1956 hanc

61 1995 85 2034 ro
99 1976 249 2060 prohibet
270 1977 451 2041 remanebit
472 1977 651 2041 obscurum.

185 2075 247 2142 Sed
258 2076 314 2140 illa
326 2078 424 2142 uerba
436 2099 515 2162 quae
526 2080 654 2162 praeter
665 2077 726 2142 hoc
737 2079 813 2142 sunt
827 2077 949 2142 inserta
963 2099 1010 2142 re·
1019 2077 1117 2144 XIIII

98 2166 245 2245 petamus
261 2160 439 2226 homines
457 2162 561 2226 enim
578 2166 669 2227 sunt
684 2160 758 2227 hac
774 2163 863 2248 lege
880 2164 1065 2247 generati

99 2247 163 2331 qui
186 2250 399 2312 tuerentur
421 2247 534 2312 illum
563 2247 738 2333 globum,
767 2268 878 2332 quem
904 2247 944 2311 in
975 2250 1064 2311 tem-

124 2332 162 2395 lo
184 2331 257 2398 hoo
279 2333 446 2396 medium
467 2333 596 2417 uides,
636 2354 733 2417 quae
760 2336 870 2397 terra
897 2331 1063 2396 dieitur:

60 2355 238 2502 aliisque
266 2418 419 2482 animus
448 2418 564 2483 datus
594 2421 720 2483 estex
743 2417 830 2481 illis
853 2417 1065 2501 sempiter-

97 2504 158 2566 nis
182 2503 361 2588 ignibus,
385 2524 483 2589 quae
506 2503 640 2569 sidera
662 2505 701 2567 et
722 2500 867 2568 stellas
888 2501 1061 2586 uocatis,

98 2608 195 2670 quae
226 2587 418 2671 globosae
446 2591 484 2654 et
511 2588 706 2654 rotundae
735 2587 885 2652 diuinis
916 2586 1063 2652 anima·

97 2674 160 2734 tae
191 2673 391 2737 mentibus
425 2674 554 2738 circos
582 2695 672 2738 suos
708 2673 902 2756 orbesque
936 2671 1063 2736 confi·

99 2755 209 2818 ciunt
233 2755 446 2822 eeleritate
468 2757 657 2822 mirabili.
703 2757 741 2822 de
763 2761 851 2822 terra
874 2777 930 2821 cur
951 2756 1101 2842 globusd

59 2860 85 2898 so
99 2839 269 2904 dicaturin
281 2840 384 2904 medio
394 2842 513 2905 mundo
523 2843 645 2927 positus
679 2841 783 2906 lenius
793 2841 983 2906 disseremus
993 2862 1064 2906 oum

98 2924 136 2988 de
151 2946 267 2989 nouem
289 2925 433 3009 sphaeris
455 2926 630 3010 loquemur.
657 2864 743 2991 hene
766 2928 873 2990 autem
895 2926 1063 2991 uniuersus

96 3009 364 3074 mundusdeitem
387 3010 665 3099 lumuocaturpro
688 3013 739 3075 ter
748 3009 821 3076 illos
829 3011 884 3095 qui
892 3011 1065 3075 aestimant

96 3094 179 3159 nihil
201 3117 269 3160 esse
292 3033 386 3158 aliud
400 3095 494 3160 deum
515 3095 579 3160 nisi
603 3033 725 3160 caelius
746 3095 852 3180 ipsum
867 3097 900 3160 et
915 3094 1064 3160 caelestia

96 3181 160 3244 ista
182 3202 262 3265 quae
293 3179 462 3244 cernimus.
507 3180 578 3246 ideo
601 3183 638 3245 ut
659 3181 775 3245 summi
795 3180 1062 3264 omnipotentiam

59 3283 83 3321 :u
98 3264 148 3328 dei
175 3265 359 3330 ostenderet
379 3285 472 3348 posse
493 3265 548 3328 uix
569 3264 732 3352 intellegi,
765 3287 939 3350 numquam
960 3264 1062 3328 uideri

165 3454 362 3520 lsnpemsP
428 3453 618 3506 3arcellrtP
670 3447 868 3522 dpafioneP'
919 3455 950 3503 11
969 3453 1063 3519 'mquid

94 3516 128 3571 P'
180 3525 211 3573 13
231 3522 264 3573 hl
284 3519 314 3574 P'
383 3525 414 3573 19
432 3522 591 3589 rettulimus
607 3523 630 3572 P
697 3522 792 3574 souis
807 3516 838 3572 Ρ
