2362 3878
117 159 161 223 40
484 132 486 136 ’
537 170 633 216 amm
655 171 667 215 1

118 330 274 409 tempus
303 325 433 388 omnia
460 325 584 387 metat
613 325 652 386 et
674 324 833 387 exsecet
856 325 894 387 et
915 320 1087 386 incidat.

70 410 221 476 thunc
243 411 335 473 aiunt
354 408 468 472 filios
489 429 577 471 suos
599 406 762 471 solitum
783 407 975 470 deuorare
1006 427 1089 471 eos-

119 496 281 591 demque
303 515 441 557 rursus
462 513 660 574 eucmere,
685 513 754 575 per
774 492 874 575 quod
895 490 1089 554 similiter

119 579 388 664 signrficatur
409 599 493 641 eum
514 579 669 659 tempus
693 597 777 640 csse
799 596 907 660 aquo
928 575 1088 639 uicibus

120 666 266 729 cuncta
295 664 520 747 gignantur
548 660 895 745 absumanturque
918 662 1023 724 etex
1048 679 1117 725 eoa

70 749 246 813 lldenuo
269 749 547 811 renascantur.
586 746 723 810 eundem
744 768 764 808 a
783 745 849 809 filio
869 745 999 828 pulsum
1013 745 1089 828 quid

120 834 206 898 aliud
229 836 279 897 est
300 853 396 915 quam
417 836 566 914 tempora
581 831 782 895 senescentia
797 831 838 895 ab
853 830 904 893 his
919 851 1001 913 quae
1016 832 1090 976 post

120 921 196 982 sunt
217 920 297 981 nata
320 915 461 999 depelli?
497 916 644 979 uinctum
666 918 789 999 autem,
813 915 897 999 quod
914 916 1001 978 certa
1030 935 1088 998 ege

120 1005 255 1066 naturae
280 1022 400 1065 conexa
422 1000 489 1064 sint
510 1003 672 1083 tempora,
702 999 755 1063 uel
785 999 867 1083 quod
890 1019 1001 1063 omnes
1022 999 1088 1062 fru-

71 1087 177 1172 l2ges
203 1085 395 1170 quibusdam
416 1084 554 1149 uinculis
577 1083 731 1234 nodisgue
754 1084 966 1148 alternentur.
1011 1105 1088 1147 nam
1101 1101 1134 1140 ιο

119 1175 152 1235 et
171 1171 316 1235 falcem
331 1170 445 1234 uolunt
458 1168 590 1233 fabulae
612 1170 654 1233 in
698 1168 852 1233 iciliam
872 1168 1088 1253 decidisse,

147 1256 223 1319 uod
245 1256 299 1319 sit
320 1257 432 1317 terra
454 1253 534 1318 ista
556 1253 621 1319 uel
643 1255 813 1317 maxime
834 1253 1002 1317 fertilis.

69 1277 167 1404 Vrii]
209 1337 254 1402 Et
280 1337 356 1422 quia
376 1337 493 1402 Ianum
522 1360 595 1402 cum
616 1337 757 1404 Saturno
778 1359 931 1423 regnasse
955 1359 1090 1403 comme-

119 1423 332 1504 morauimus‚
361 1422 400 1487 de
426 1421 565 1488 Saturno
594 1427 702 1489 autem
729 1423 805 1508 quid
831 1423 983 1506 mythici,
1013 1423 1088 1507 quid

119 1506 245 1592 physici
269 1507 456 1591 aestiment,
480 1509 546 1572 iam
567 1509 706 1573 relatum
728 1511 792 1573 est:
816 1508 855 1571 de
869 1507 949 1571 Iano
964 1528 1089 1591 quoque
1102 1521 1129 1561 ¹⁵

121 1592 196 1676 quid
229 1593 269 1657 ab
303 1592 446 1676 utrisque
477 1593 616 1657 iactetur
648 1593 683 1657 in
712 1592 852 1656 medium
879 1591 1087 1676 proferemus.

48 1686 51 1692 '
84 1676 276 1741 2Mrrrncr
304 1676 451 1741 referunt
478 1682 680 1763 regnante
701 1677 801 1741 Iano
829 1677 1002 1741 omnium
1025 1678 1090 1741 do-

119 1782 198 1826 mos
221 1761 426 1846 religione
450 1784 493 1827 ac
516 1762 740 1826 sanctitate
762 1761 890 1826 fuisse
912 1761 1089 1826 munitas

120 1846 354 1929 idcircoque
383 1847 418 1910 ci
446 1847 605 1911 diuinos
634 1846 805 1910 honores
834 1867 920 1910 esse
954 1845 1090 1910 decre·

119 1934 181 1994 tos
204 1932 241 1993 ct
264 1931 311 1993 ob
333 1931 476 1995 merita
497 1931 692 1995 introitus
719 1934 758 1995 et
781 1931 912 1995 exitus
935 1931 1128 1994 aediuma

83 2014 245 2080 3eidem
269 2018 539 2081 consecratos.
584 2015 713 2081 Xnuou
735 2037 859 2099 quoque
880 2031 990 2078 PRIMO
1013 2014 1090 2078 Ira-

120 2116 227 2165 chcrr
242 2101 343 2165 tradit
358 2101 498 2166 Ianum
519 2101 560 2164 in
575 2100 699 2164 Italia
720 2101 889 2184 primum
911 2099 971 2163 dis
994 2102 1090 2163 tem-

119 2185 185 2268 pla
217 2185 367 2250 fecisse
396 2189 434 2249 et
467 2185 572 2250 ritus
608 2185 841 2249 instituisse
875 2204 1088 2248 sacrorum.

120 2271 209 2333 ideo
238 2291 322 2333 eum
350 2270 390 2332 in
423 2269 650 2334 sacrificiis
682 2267 981 2351 praefationem
1013 2290 1090 2331 mc-

83 2353 247 2417 lruisse
275 2356 523 2435 perpetuam.
569 2352 699 2436 quidam
725 2351 798 2415 ideo
820 2372 893 2415 eum
921 2350 1002 2415 dici
1030 2354 1128 2417 tri-2⁵

118 2438 295 2500 frontem
326 2439 445 2519 putant
481 2437 600 2520 quod
633 2439 671 2499 et
700 2434 928 2520 praeterita
962 2437 1090 2502 sciue-

83 2521 173 2586 orit
195 2522 235 2584 et
255 2520 394 2583 futura
416 2519 654 2604 prouiderit.
693 2520 749 2585 sed
769 2537 908 2586 PHrslcr
929 2542 1001 2585 eum
1021 2544 1090 2586 ma-

120 2605 193 2690 gnis
223 2606 413 2669 consecrant
441 2604 640 2688 argumentis
668 2605 858 2670 diuinitatis.
909 2628 986 2670 nam
1012 2611 1090 2671 sunt

119 2690 176 2836 ppt
197 2688 336 2752 Ianum
357 2689 521 2753 eundem
543 2710 628 2753 esse
654 2693 773 2774 atque
795 2691 1026 2775 Apollinem
1050 2695 1088 2755 et

157 2775 289 2837 ianam
322 2773 461 2837 dicant
493 2778 532 2838 et
563 2774 610 2837 in
643 2774 728 2839 hoc
760 2797 836 2840 uno
875 2778 1126 2859 utrumquem

84 2857 291 2942 ssexprimi
314 2880 457 2922 numen
480 2859 709 2924 adfirment.
746 2863 780 2924 et
802 2860 905 2943 enim,
930 2861 1013 2924 sicut
1029 2861 1086 2924 Nl-

192 3100 253 3149 let
268 3107 329 3164 post
347 3103 434 3149 metat
453 3115 500 3152 om.
519 3092 552 3148 B'
571 3097 616 3164 (P)
703 3098 943 3164 tadsumanturq.
961 3099 987 3148 B
1074 3101 1090 3148 6

122 3167 291 3232 eundemque
315 3168 341 3216 P
425 3167 515 3234 ipos
532 3161 565 3216 P'
651 3170 682 3219 13
705 3167 917 3228 memoraurmus
937 3164 985 3230 (P)
1058 3168 1090 3217 14

120 3234 228 3285 mithres
246 3236 277 3298 P,
297 3235 414 3298 mrthyor
431 3235 457 3284 B
514 3237 545 3286 15
564 3235 661 3301 phrsror
679 3236 731 3285 BP
799 3235 946 3286 aestimant
964 3235 989 3283 P
1057 3235 1090 3284 16

118 3319 147 3353 m
165 3303 257 3354 medrir
275 3301 394 3367 pfereni·
413 3304 532 3356 odde
602 3306 633 3354 17
651 3303 809 3367 mrthych
879 3294 1091 3354 191d01r00B'

119 3407 151 3454 21
170 3382 347 3456 consecratis
359 3405 385 3454 B
491 3407 524 3454 22
539 3406 672 3469 posterior
690 3421 707 3454 a
725 3407 751 3454 in
768 3403 851 3455 rtalra
869 3407 894 3455 in
912 3419 968 3453 roa.
986 3406 1013 3453 in
1031 3405 1056 3453 P

119 3472 172 3522 dus
185 3472 238 3521 BP
304 3476 336 3525 27
354 3472 452 3537 phrsrcr
469 3472 521 3521 BP
