2362 3878
108 174 149 240 80
523 189 619 236 maru
641 189 653 234 1

109 365 246 425 annum,
284 343 331 406 ita
357 343 393 405 in
429 343 496 407 dies
529 363 671 406 mensem
707 363 862 426 quemque
897 341 1067 424 distribuit,

109 429 240 511 diesque
261 448 372 492 omnes
395 429 450 491 aut
474 426 604 491 festos
628 430 684 491 aut
711 426 916 511 profestos
939 430 995 491 aut
1015 426 1070 491 in·

108 514 282 578 tercisos
310 513 449 578 uocauit.
494 511 591 576 festi
619 511 667 575 dis
696 513 795 577 dicati
820 514 912 595 sunt,
941 512 1072 595 profesti

109 598 293 663 hominibus
320 598 361 662 ob
386 596 676 662 administrandam
697 619 766 661 rem
787 597 949 681 priuatam
971 597 1071 681 publi*-

109 705 240 768 camque
272 684 429 767 concessi,
466 682 654 746 intercisi
687 683 818 747 deorum
844 681 1092 767 hominumquer

71 766 92 831 3
108 790 291 834 communes
307 771 393 832 sunt.
438 765 563 832 festis
579 768 692 831 insunt
707 767 864 831 sacrificia
880 766 993 851 epulae
1007 767 1073 832 ludi

106 854 207 919 feriae
215 904 224 936 ,
246 853 440 937 profestis
455 851 534 917 fasti
550 851 725 916 comitiales
742 851 983 998 comperendini
998 853 1073 916 stati

107 938 298 1022 proeliareS,
321 937 512 1002 intercisi
533 937 569 1001 in
592 959 625 1002 se
647 958 714 1002 non
736 936 772 1001 in
793 937 856 1000 aia
871 936 1073 1002 diuiduntur:

108 1023 235 1087 illorum
264 1023 350 1088 enim
373 1022 495 1087 dierum
517 1021 707 1106 quibusdam
728 1022 816 1086 horis
838 1021 888 1087 fas
912 1024 977 1103 est,
1007 1023 1074 1107 qui-

106 1109 242 1173 busdam
269 1108 320 1172 fas
347 1129 414 1172 non
442 1110 492 1172 est
519 1107 569 1171 ius
598 1107 713 1172 dicere.
759 1128 836 1170 narn
868 1128 940 1171 curn
967 1106 1107 1171 hostiam

108 1194 251 1258 caeditur
272 1193 335 1257 fari
357 1192 450 1258 nefas
473 1197 539 1274 est,
563 1193 649 1257 inter
672 1213 764 1256 caesa
786 1194 819 1256 et
841 1194 992 1276 porrecta
1012 1191 1087 1256 fari⁴

107 1278 200 1361 lieet,
229 1299 354 1363 rursus,
386 1299 458 1342 cunr
481 1277 626 1342 adoletur
647 1299 714 1342 non
735 1277 823 1342 licet.
869 1298 946 1362 ergo
969 1277 1008 1341 de
1030 1276 1075 1341 di‘-

107 1363 230 1427 uisione
258 1361 451 1427 festorum
480 1366 512 1427 et
534 1363 804 1447 profestorum
831 1362 955 1426 dierum
976 1361 1074 1451 latius

108 1447 327 1512 disserendum
350 1451 409 1512 est.

70 1531 92 1594 4
191 1533 290 1598 Sacra
313 1533 481 1598 celebritas
504 1536 554 1598 est
574 1532 627 1597 uel
654 1554 726 1596 cum
748 1532 907 1597 sacrificia
929 1531 979 1596 dis
999 1531 1073 1597 offe·
1087 1553 1109 1594 a

107 1621 223 1682 runtur
245 1617 297 1682 uel
320 1639 392 1682 cum
414 1619 481 1683 dies
504 1618 622 1683 diuinis
641 1616 879 1702 epulationibus
895 1617 1076 1682 celebratur

107 1702 159 1766 uel
188 1724 259 1767 cum
290 1702 356 1767 ludi
377 1703 413 1767 in
434 1703 589 1768 honorem
611 1706 753 1789 aguntur
776 1703 905 1767 deorum
926 1701 979 1766 uel
1002 1723 1075 1768 curn

70 1787 205 1852 bferiae
233 1787 456 1853 obseruantur.
506 1788 699 1853 feriarum
732 1791 839 1852 autem
872 1787 1075 1872 publicarum

107 1893 227 1958 genera
243 1875 319 1936 sunt
339 1876 501 1958 quattuor.
546 1877 603 1938 aut
618 1873 704 1938 enim
726 1872 903 1937 statinae
926 1875 1004 1936 sunt
1018 1875 1074 1935 aut

108 1958 372 2042 conceptiuae
401 1962 456 2023 aut
478 1959 744 2043 imperatiuae
773 1960 829 2022 aut
856 1957 1110 2022 nundinaero

70 2042 138 2108 cet
160 2047 236 2108 sunt
264 2044 442 2109 statiuae
468 2043 612 2109 uniuersi
637 2043 747 2128 populi
770 2063 953 2107 communes
978 2041 1073 2106 certis

106 2131 139 2193 et
168 2129 352 2194 constitutis
379 2129 489 2194 diebus
516 2151 555 2194 ac
584 2129 747 2194 mensibus
777 2129 809 2191 et
836 2128 872 2192 in
892 2127 987 2191 fastis
1009 2130 1074 2191 sta·

105 2213 149 2277 tis
176 2215 454 2279 obseruationibus
482 2214 672 2297 adnotatae,
701 2213 737 2276 in
765 2212 879 2297 quibus
901 2212 1073 2295 praecipue

106 2302 276 2362 seruantur
296 2298 499 2383 Agonalia
522 2298 798 2363 Carmentalia
819 2296 1070 2382 Lupercalia.

107 2383 370 2465 conceptiuae
393 2387 470 2447 sunt
492 2404 573 2466 quae
595 2382 768 2467 quotannis
791 2380 1109 2467 amagistratibusrs

106 2466 158 2531 uel
180 2467 398 2531 sacerdotibus
422 2467 649 2551 concipiuntur
670 2468 705 2532 in
731 2469 798 2532 dies
819 2466 871 2532 uel
895 2470 998 2532 certos
1022 2465 1072 2530 uel

106 2551 203 2616 etiam
226 2552 365 2616 incertos
387 2555 424 2616 ut
445 2556 521 2617 sunt
541 2551 711 2617 Latinae
732 2551 985 2618 Sementiuae
1000 2549 1072 2615 Pa-

106 2636 272 2720 ganalia
300 2635 559 2722 Compitalia:
591 2638 857 2722 imperatiuae
887 2639 964 2701 sunt
992 2656 1072 2720 quas

106 2721 251 2785 consules
280 2721 332 2785 uel
358 2727 522 2807 praetores
544 2745 602 2808 pro
632 2723 764 2788 arbitrio
790 2722 961 2806 potestatis
990 2720 1072 2785 indi-

106 2808 193 2869 cunt.
231 2807 434 2873 nundinae
455 2812 532 2873 sunt
551 2829 752 2894 paganorum
777 2807 916 2892 itemque
937 2806 1071 2870 rustico·
1084 2830 1108 2869 ao

104 2911 191 2973 rum,
216 2890 331 2975 quibus
354 2895 551 2959 conueniunt
572 2895 712 2979 negotiis
731 2892 870 2991 propriis
891 2892 944 2956 uel
958 2891 1070 2955 merci-

69 2975 162 3039 lbus
184 2977 353 3060 prouisuri.
398 2982 475 3044 sunt
496 2982 663 3064 praeterea
684 2979 785 3043 ferrae
806 2976 956 3062 propriae
978 2975 1071 3040 fami·

106 3150 307 3159 -ψ

171 3234 367 3303 4ρ*ιι1)1ωὲᾳ.
383 3230 434 3296 lP'
501 3236 654 3287 oludrfero
671 3241 699 3285 ut
715 3229 814 3288 aaa
883 3235 1071 3284 'lcommrtra-

104 3299 146 3352 les
160 3300 186 3350 B
242 3305 425 3385 8proelralel
438 3307 463 3355 P
519 3291 573 3355 riou
591 3305 638 3383 B!
698 3304 729 3353 12
747 3303 839 3353 rursus
854 3302 970 3353 -lreet
988 3300 1073 3353 om.P

106 3369 172 3420 ·de
190 3371 273 3424 om.B
351 3372 631 3439 13prosectorumB
692 3372 723 3421 16
742 3371 796 3422 dul
810 3371 835 3421 B
903 3372 935 3421 21
955 3367 1074 3434 &certis

104 3434 170 3487 &B
238 3438 358 3491 aarum
376 3441 422 3492 fas
437 3441 515 3492 fratrs
529 3441 554 3490 P
620 3442 653 3490 23
671 3444 802 3506 annotate
821 3431 854 3488 B'
922 3439 956 3488 26
976 3453 992 3488 a
1011 3444 1070 3487 aare

99 3502 295 3559 sacerdoribus
305 3511 367 3563 add.
385 3510 403 3560 'b
473 3508 535 3560 dies
550 3505 642 3559 certos
655 3509 681 3557 P
