2362 3878
154 181 217 247 578
574 195 670 241 niatu
691 195 719 240 11

77 358 84 372 ‘
153 371 253 435 usque
276 348 316 412 ad
338 351 411 413 octo
433 347 578 412 soliditas
602 350 650 410 est
671 347 826 431 corporis,
848 346 921 411 ideo
937 348 1031 414 inter
1045 352 1134 434 prin·

155 436 240 518 cipia
271 433 346 498 huic
379 453 511 497 numero
544 431 780 516 plenitudinem
814 431 997 516 deputauit.
1042 458 1134 503 nunc

154 521 282 602 oportet
303 539 342 582 ex
369 518 487 602 impari
515 537 639 601 quoque
665 537 800 580 numero
822 537 915 600 quern
938 518 1133 586 admodum

105 603 239 668 laidem
260 602 420 667 efficiatur
441 602 611 685 inspicere.
656 604 690 665 et
716 601 793 685 quia
818 604 886 666 tam
899 603 1005 699 'paris
1034 627 1133 690 qnam

154 688 287 772 imparis
308 687 433 753 numeri
455 707 568 751 monas
590 685 681 771 origo
704 689 762 769 est,
784 688 947 751 temanus
971 707 1152 756 nnmeruse

153 775 259 857 prima
285 772 372 837 linea
400 793 469 836 esse
498 770 654 836 credatur.
699 768 753 835 hic
779 770 962 855 triplicatus
986 795 1131 840 nouena-

153 858 236 922 rium
258 879 428 922 numerum
449 855 545 940 facit,
574 856 629 939 qui
658 859 690 919 et
717 857 786 939 ipse
815 856 907 939 quasi
935 858 976 921 de
1006 858 1130 924 duabus

154 943 249 1007 lineis
270 942 405 1028 longum
426 940 591 1025 latumque
615 961 728 1024 corpus
751 939 866 1022 efficit,
891 940 977 1006 sicut
1000 947 1131 1026 quater-

154 1027 276 1110 narius,
300 1026 457 1092 secundus
472 1025 511 1089 de
549 1025 666 1109 aribus,
690 1024 800 1089 efficit.
834 1025 914 1089 item
928 1030 1130 1094 nouenarius

153 1111 336 1196 triplicatus
357 1111 488 1176 tertiam
539 1109 546 1122 “
583 1111 748 1174 ensionem
774 1113 929 1193 praestat.
976 1115 1011 1175 et
1039 1113 1089 1177 ita
1111 1131 1158 1178 au

154 1199 245 1280 parte
273 1197 407 1280 imparis
426 1195 552 1260 numeri
574 1195 609 1260 in
631 1193 752 1279 uiginti
775 1197 914 1278 septem,
944 1216 1029 1279 quae
1054 1202 1131 1263 sunt

153 1284 204 1345 ter
225 1284 324 1378 terna
342 1283 403 1377 ter,
428 1278 564 1376 solidum
588 1299 702 1377 corpus
727 1279 881 1375 efficitur,
904 1280 991 1378 sicut
1011 1282 1050 1378 in
1072 1303 1129 1347 nu-

104 1363 703 1544 trituraseliceant
720 1365 1130 1546 reuerterant

153 1555 213 1616 pus
236 1553 348 1596 monas
369 1553 552 1596 necessana
575 1536 624 1596 est
646 1534 678 1596 et
701 1554 756 1597 sex
785 1533 839 1597 alu
866 1535 994 1599 numeri
1022 1535 1061 1599 id
1082 1541 1160 1601 een

153 1617 239 1682 terni
262 1638 281 1680 a
302 1617 374 1701 pari
397 1619 430 1681 et
450 1616 580 1700 impari,
604 1639 622 1681 a
644 1617 716 1700 pari
738 1618 867 1701 quidem
888 1616 950 1682 duo
972 1623 1129 1703 quattuor

154 1705 226 1767 octo
233 1751 242 1785 ,
272 1702 313 1766 ab
340 1702 456 1786 impari
485 1705 592 1766 autem
619 1702 683 1765 tria
705 1723 822 1766 nouem
850 1702 969 1788 uiginti
992 1708 1128 1788 septem.

105 1785 304 1852 14Timaeus
325 1786 427 1873 igitur
448 1784 595 1850 Platonis
617 1786 652 1850 in
673 1786 866 1851 fabricanda
880 1787 994 1851 mundi
1017 1791 1129 1855 anima

156 1871 325 1936 consilium
358 1871 540 1936 diuinitatis
577 1871 751 1935 enuntians
780 1871 827 1935 ait
852 1870 942 1936 illam
975 1894 1037 1956 per
1071 1874 1129 1939 hos

153 1977 303 2021 numeros
331 1955 430 2020 fuisse
459 1958 644 2021 contextam
672 1955 726 2041 qui
754 1959 787 2020 et
809 1978 828 2018 a
849 1956 921 2040 pari
943 1959 977 2021 et
1004 1958 1049 2022 ab
1072 1960 1162 2023 im-ro

153 2041 225 2125 pari
246 2040 493 2140 cutumtidest.
510 2040 742 2138 perfectionem
766 2039 936 2106 soliditatis
966 2041 1129 2129 efficiunt,

152 2148 220 2275 tt
237 2125 675 2295 restituentem
688 2124 1133 2294 laetaturae

153 2295 266 2360 mundi
287 2295 424 2360 solidum
452 2317 565 2379 corpus
587 2293 735 2379 implere,
787 2316 821 2358 er
846 2315 997 2360 numeros
1019 2298 1132 2363 solidi-

105 2377 145 2444 15
154 2381 231 2445 tatis
254 2380 367 2445 effecta
391 2383 449 2444 est.
493 2401 581 2444 nunc
597 2379 637 2444 ad
651 2379 723 2464 ipsa
737 2317 883 2444 Pliatonis
902 2380 1003 2445 uerba
1017 2384 1133 2449 uenia·
1144 2398 1167 2440 a

154 2487 236 2530 mus.
280 2487 358 2529 nam
391 2486 464 2529 cum
492 2463 530 2526 de
559 2464 618 2528 deo
646 2465 788 2529 animam
809 2464 921 2528 mundi
941 2464 1133 2534 fabricante

152 2549 352 2634 loqueretur,
377 2549 424 2612 ait
444 2547 611 2630 primam
633 2569 678 2611 ex
697 2548 802 2613 omni
821 2549 1020 2615 fermento
1043 2574 1134 2635 par·

152 2637 231 2698 tem
245 2631 357 2698 tulit:
373 2632 469 2695 hino
484 2630 654 2715 sumpsit
676 2633 835 2718 duplam
855 2636 1011 2717 partem
1026 2637 1134 2720 prio·

153 2721 225 2795 ris,
255 2717 421 2781 tertiam
448 2736 541 2781 uero
570 2718 768 2782 secundae
796 2718 1026 2784 hemioliam
1063 2723 1135 2787 sed

152 2802 302 2888 primae
322 2801 504 2886 triplam,
536 2804 573 2866 et
601 2805 780 2887 quartam
808 2803 965 2887 duplam
989 2823 1167 2872 secun-³⁰

154 2887 239 2968 dae,
271 2885 453 2969 quintam
478 2887 626 2952 tertiae
651 2887 836 2972 triplam,
864 2890 1018 2953 sextam
1045 2892 1134 2976 pri-

152 2990 235 3034 mae
257 2970 460 3053 octuplam
482 2974 520 3035 et
543 2971 751 3055 septimam
772 2972 902 3036 uicies
930 2975 1090 3056 septies
1114 3000 1134 3042 a

152 3055 280 3140 prima
301 3055 629 3140 multiplicatam.
674 3060 765 3140 post
787 3056 860 3121 hoc
875 3059 1012 3142 spatia
1028 3081 1133 3142 quae

222 3224 390 3278 bimanus
408 3229 434 3277 P
503 3231 535 3280 10
552 3228 701 3295 triplicans
714 3221 747 3279 P'
817 3231 848 3279 12
868 3229 989 3280 effronter
1006 3222 1040 3281 P'
1099 3236 1131 3287 18

153 3294 259 3359 tymeus
275 3295 301 3345 B
353 3295 462 3347 fabrica
477 3297 503 3347 B
555 3299 588 3348 20
607 3299 738 3349 contextu
756 3289 789 3347 P‘
857 3300 888 3348 21
909 3298 982 3362 cybii
1000 3299 1027 3348 P
1097 3305 1132 3353 23
1175 3330 1177 3343 -

155 3362 283 3414 anrmado
300 3355 333 3414 P'
384 3367 546 3430 penetraret
562 3372 590 3415 ut
607 3366 659 3415 aid.
677 3357 711 3414 P'
766 3367 799 3415 24
815 3380 834 3430 p
852 3364 978 3417 numosos
992 3358 1026 3415 P'
1097 3371 1132 3421 28
1175 3422 1177 3427 ,

153 3430 227 3482 hanc
244 3431 270 3480 B
339 3435 372 3485 29
391 3432 501 3484 emroha
517 3424 550 3482 P‘
602 3431 641 3484 let
659 3432 685 3482 B
755 3435 788 3486 32
805 3432 896 3498 ingres
910 3433 936 3483 B
1005 3438 1040 3488 33
1059 3437 1130 3488 mul·

153 3499 285 3568 trplrcata
303 3501 330 3552 B
381 3501 433 3554 hoc
451 3517 498 3554 om.
518 3499 544 3549 B
