2362 3878
416 203 478 268 xri,
495 195 597 248 7—16.
621 203 698 267 xm,
715 196 729 246 1
997 186 1061 253 615

93 356 206 421 terisse
236 354 418 419 ereduntur.
463 354 517 419 sed
547 357 674 419 constat
700 355 874 418 seeundum
895 377 990 420 uerae
1012 378 1062 419 ra·
1073 357 1112 422 13

94 441 191 505 tionis
225 440 455 515 adsertionem,
489 461 584 524 quam
612 443 645 503 et
671 439 740 522 ipse
766 460 833 502 non
865 441 969 505 nesoit
1001 463 1062 505 neo

96 525 257 610 Vergilius
279 525 411 610 ignorat
431 524 565 588 dicendo

382 647 442 690 neo
464 625 558 689 morti
580 646 649 688 esse
670 624 776 689 looum

70 714 234 793 scendet,
257 711 404 794 inquam,
427 709 510 774 nihil
531 710 619 773 intra
640 709 751 773 uiuum
777 711 931 774 mundum
958 712 1062 793 perire

96 796 150 858 sed
174 817 282 860 eorum
304 816 386 879 quae
407 794 540 859 interire
560 794 711 858 uidentur
732 794 833 858 solam
854 795 972 858 mutari
994 816 1064 877 spe·

97 881 192 962 ciem,
223 883 255 944 et
277 879 353 943 iliud
376 880 411 943 in
439 879 597 963 originem
624 901 714 943 suam
737 883 832 963 atque
853 880 889 943 in
910 879 981 963 ipsa
1002 879 1063 944 eIe-

96 969 206 1028 menta
232 986 388 1046 remeare,
418 963 502 1047 quod
529 964 593 1027 tale
643 964 714 1028 uaIe
741 964 805 1028 fuit
832 985 899 1028 esse
922 964 1061 1029 desierit.

97 1048 233 1132 denique
255 1053 288 1113 et
309 1048 456 1112 Plotinus
484 1047 546 1112 alio
573 1048 609 1111 in
622 985 706 1112 (Ioco
735 1070 807 1112 oum
829 1049 868 1113 de
897 1070 1062 1132 corporum
1074 1048 1115 1113 14

58 1157 83 1195 ιο
97 1133 320 1218 absumptione
343 1133 512 1197 dissereret
534 1135 567 1197 et
587 1132 649 1197 hoo
671 1133 802 1197 dissolui
815 1155 908 1217 posse
922 1155 1063 1217 pronun-

95 1218 192 1281 tiaret
207 1218 357 1301 quioquid
372 1217 486 1298 effluit,
503 1217 621 1281 obiecit
635 1217 712 1281 sibi:
730 1239 785 1282 our
800 1239 877 1302 ergo
893 1217 1061 1300 elementa,

96 1323 231 1385 quorum
251 1302 354 1366 fluxus
376 1303 412 1365 in
434 1306 546 1386 aperto
568 1305 627 1384 est,
650 1323 717 1366 non
745 1303 893 1366 similiter
920 1303 1064 1386 aliquan-

96 1387 136 1449 do
157 1385 347 1450 squuntur‘?
369 1392 402 1451 et
423 1387 564 1451 breuiter
583 1389 695 1450 tantae
710 1387 882 1452 obiectioni
896 1388 1064 1471 ualideque

96 1471 276 1552 respondit:
318 1470 390 1535 ideo
427 1472 586 1536 elementa
626 1472 702 1536 lieet
742 1471 846 1536 fluant
888 1493 1064 1556 numquam

57 1578 82 1616 15
96 1557 206 1617 tamen
226 1554 308 1617 solui
330 1555 406 1638 quia
425 1576 492 1619 non
511 1557 598 1619 foras
614 1557 761 1621 effluunt.
806 1580 825 1620 a
841 1557 954 1621 ceteris
978 1557 1064 1621 enim
1075 1555 1115 1620 15

98 1639 282 1722 corporibus
304 1640 389 1736 quod
411 1639 515 1735 effluit
536 1641 671 1736 recedit,
702 1640 1064 1737 elementorumfluxus

96 1724 593 1890 tramittunt
611 1724 913 1871 temtaret
929 1725 1065 1871 titt

97 1892 233 1954 adserta.
278 1892 334 1954 sed
362 1891 446 1974 quod
469 1892 515 1954 ait
537 1912 609 1953 eum
636 1890 801 1973 quadarn
828 1894 943 1974 parte
966 1892 1116 1956 mor-16

54 1999 83 2037 ao
96 1974 217 2037 talem
240 1975 281 2037 ad
304 1995 504 2038 communem
525 1977 562 2037 ut
584 1975 720 2038 diximus
747 1975 932 2058 opinionem
954 1976 1065 2060 paulu-

97 2059 162 2121 lum
185 2059 341 2122 inclinare
363 2080 398 2122 se
419 2058 537 2140 uoluit,
561 2058 596 2121 in
617 2059 682 2122 fine
705 2062 811 2123 autem
834 2060 1065 2124 ualidissimum

96 2143 347 2207 immortalitatis
370 2143 497 2207 animae
520 2146 746 2227 argumentum
772 2144 867 2227 ponit
894 2145 969 2228 quia
994 2144 1066 2229 ipsa

98 2229 222 2311 corpori
243 2231 389 2311 praestat
409 2229 577 2312 agitatum.

182 2361 272 2438 Quod
294 2363 387 2448 quale
409 2364 452 2427 sit
480 2385 518 2427 ex
539 2363 618 2446 ipsis
640 2362 747 2427 uerbis
762 2363 924 2430 Oioeronis
944 2385 1024 2448 quae
1036 2360 1118 2428 XIII

58 2471 84 2508 aa
98 2451 248 2512 secuntur
275 2449 421 2514 inuenies
448 2470 536 2512 nam
564 2449 664 2531 quod
691 2469 843 2532 semper
870 2451 1064 2530 mouetur,

98 2535 298 2597 aeternum
314 2538 389 2617 est,
413 2534 513 2617 quod
530 2535 658 2596 autern
672 2538 817 2597 motum
838 2532 973 2597 adfert
994 2533 1067 2596 ali-

99 2616 693 2702 cuiquodqueipsumagitatur
708 2617 887 2700 aliunde,
937 2618 1066 2681 nando

97 2699 221 2763 finem
249 2700 368 2766 habet
396 2707 540 2783 motus,
570 2702 733 2765 uiuendi
761 2704 884 2767 finem
911 2640 1067 2767 Irabeat

98 2805 262 2847 neeesse
299 2788 369 2849 est.
414 2785 537 2849 solum
568 2785 698 2869 igitur
730 2787 830 2870 quod
863 2809 901 2851 se
933 2788 1063 2871 ipsum

58 2872 245 2950 aomouet,
277 2869 369 2950 quia
391 2890 597 2952 numquam
625 2870 824 2934 deseritur
846 2893 865 2934 a
887 2893 941 2956 se,
964 2893 1067 2936 num·

98 2974 211 3036 quam
233 2974 280 3016 ne
302 2954 451 3017 moueri
466 2953 622 3037 quidem
643 2953 808 3037 desinit,
832 2956 926 3039 quin
949 2956 1067 3021 etiarn

99 3038 251 3100 ceteris
281 3058 377 3120 quae
410 3040 621 3101 mouentur
649 3036 712 3102 hio
739 3039 829 3104 fons
857 3041 929 3104 hoo
958 3041 1068 3124 prin-

98 3158 300 3167 .————-

167 3225 417 3277 2affertronemB
484 3228 612 3293 tGeorp.
631 3228 771 3280 1111226
839 3229 1000 3280 bmundum
1018 3246 1066 3281 om.

102 3286 133 3342 θ’
186 3296 218 3344 10
237 3293 398 3360 adsdptrone
411 3296 441 3356 Ρ,
453 3294 677 3361 assumptioneB
731 3300 760 3347 ll
781 3312 849 3363 quur
867 3300 892 3348 P
942 3300 974 3346 12
992 3296 1066 3362 ahqr'r

101 3364 125 3411 P
193 3364 224 3412 14
243 3360 382 3427 elitmenta
399 3362 426 3411 B
494 3365 525 3412 19
544 3362 702 3413 offertionis
715 3359 759 3427 B',
786 3366 878 3415 deiude
902 3363 1009 3415 adseris
1026 3355 1067 3429 P',

101 3428 202 3478 asserta
220 3429 245 3478 B
298 3430 338 3480 set
355 3431 380 3480 B
449 3432 483 3481 25
501 3430 649 3494 sequuntur
665 3431 715 3481 PB
766 3433 800 3482 26
817 3448 866 3497 pro
884 3432 956 3496 quod
975 3438 1067 3483 autem

100 3523 133 3532 -
146 3499 210 3559 616,
223 3499 255 3547 21
274 3503 359 3563 atque
377 3497 421 3548 urs
435 3499 574 3562 estusque
592 3501 619 3548 ia
636 3497 662 3547 B
