2362 3878
456 197 504 263 v1,
520 188 613 240 7-17
959 175 1022 242 487
1087 271 1089 274 ⁴

59 358 192 437 artetur,
216 373 311 438 quem
334 349 473 435 primum
494 347 629 412 limitem
645 350 774 412 constat
793 368 861 413 esse
876 369 1024 413 numero-

59 457 141 505 rum:
164 437 271 503 Pallas
292 435 365 500 ideo
379 434 455 519 quia
471 455 510 498 ex
525 432 622 497 solius
644 432 790 496 monadis
811 431 881 498 fetu
896 435 929 497 et
943 432 1024 497 mul-

58 520 256 603 tiplicatione
278 518 434 605 processit
456 518 540 583 sicut
560 515 709 581 Minerua
731 517 799 581 sola
821 538 860 582 ex
882 539 946 582 uno
967 540 1024 602 pa·

58 608 150 669 rente
168 612 247 673 nata
268 604 466 690 perhibetur.
512 601 657 667 senarius
679 623 756 666 uero
783 601 837 686 qui
866 623 939 666 cum
959 623 1024 666 uno
1035 599 1075 664 12

34 690 247 757 sconiuncus
270 689 487 774 septenarium
508 686 605 771 facit,
635 686 745 751 uariae
772 708 810 751 oo
836 685 1025 770 multiplicis

60 774 228 859 religionis
247 779 280 839 et
306 773 471 859 potentiae
501 775 560 837 est.
604 770 850 856 primumquod
877 771 963 836 solus
985 792 1025 835 ex

61 858 208 922 omnibus
230 859 369 924 numeris
412 858 445 922 ui
466 857 555 922 intra
575 857 686 921 decem
707 860 784 923 sunt
805 856 844 921 de
866 856 931 921 suis
953 877 1026 939 par·

60 944 147 1007 tibus
176 946 310 1009 constat.
360 944 404 1007 ha
427 946 461 1007 et
487 941 574 1006 enim
601 940 806 1006 medietatem
830 943 863 1006 et
894 941 1025 1006 tertiam

60 1031 187 1112 partem
204 1031 237 1091 et
248 1033 370 1093 sextam
386 1031 513 1112 partem
528 1030 562 1091 et
578 1029 627 1091 est
648 1026 803 1091 medietas
825 1026 904 1109 tria,
927 1026 1025 1091 tertia

22 1132 47 1172 ro
59 1135 135 1196 pars
163 1113 240 1195 duo,
270 1117 359 1177 sexta
381 1134 456 1197 pars
477 1134 594 1195 unum,
618 1132 700 1196 quae
722 1112 831 1176 omnia
853 1110 948 1176 simul
970 1131 1026 1175 sex

58 1198 194 1263 faciunt.
239 1196 338 1261 habet
360 1203 392 1262 et
413 1198 477 1262 alia
496 1218 572 1260 suae
586 1196 805 1261 uenerationis
827 1195 948 1260 indicia
970 1195 1026 1259 sed

59 1305 100 1346 ne
115 1283 243 1367 longior
258 1281 358 1346 faeiat
372 1302 474 1347 sermo
496 1281 672 1364 fastidium,
695 1302 795 1345 unum
817 1303 856 1345 ex
878 1279 1027 1346 omnibus

60 1367 127 1431 eius
160 1366 302 1431 officium
339 1387 565 1452 persequemur
598 1367 683 1450 quod
713 1365 785 1430 ideo
816 1365 1028 1450 praetulimus

20 1516 29 1536 ‚
60 1452 135 1534 quia
149 1450 210 1515 hoc
224 1454 469 1516 commemorato
482 1473 549 1516 non
564 1451 682 1516 senarii
697 1452 824 1515 tantum
839 1451 894 1516 sed
910 1453 943 1515 et
957 1471 1027 1534 sep·

23 1552 47 1593 15
60 1535 178 1600 tenarii
205 1535 325 1618 pariter
347 1535 488 1620 dignitas
510 1537 702 1601 adstruetur.
750 1534 893 1600 humano
919 1534 1029 1620 partui
1039 1533 1081 1596 14

59 1620 309 1704 frequentiorem
323 1641 416 1684 usum
427 1641 545 1685 nouem
555 1621 715 1685 mensium
725 1623 813 1684 certo
824 1641 1029 1685 numerorum

60 1705 275 1769 modulamine
297 1708 415 1770 natura
438 1705 605 1770 constituit
633 1705 688 1770 sed
715 1706 798 1770 ratio
827 1704 886 1769 sub
914 1704 1029 1768 adsciti

61 1790 180 1854 senarii
201 1790 327 1855 numeri
348 1788 616 1874 multiplicatione
639 1789 815 1872 procedens
837 1789 936 1852 etiam
959 1809 992 1852 se
1016 1825 1029 1836 ·

60 1878 127 1938 tem
149 1895 275 1938 menses
304 1874 449 1958 conpulit
477 1873 635 1957 usurpari.
681 1893 776 1970 quam
805 1872 946 1937 breviter
974 1811 1028 1936 ai·
1040 1872 1081 1937 15

22 1977 48 2017 ro
62 1959 226 2042 soluteque
255 1958 406 2022 dicemus,
451 1958 529 2022 duos
558 1978 626 2020 esse
653 1978 774 2040 primos
800 1957 944 2021 omnium
970 1979 1030 2021 nu-

61 2063 220 2106 merorum
244 2041 340 2105 cubos
363 2041 466 2106 idest
488 2063 507 2106 a
528 2041 600 2125 pari
622 2044 694 2106 octo
715 2041 756 2105 ab
778 2041 894 2126 impari
909 2040 1029 2127 uiginti

62 2130 185 2210 septem
213 2128 246 2190 et
273 2147 342 2190 esse
369 2126 527 2209 imparem
553 2146 690 2208 marem,
727 2147 839 2209 parem
873 2127 1030 2191 feminam

62 2211 207 2295 superius
236 2211 460 2295 expressimus.
504 2211 619 2275 horum
645 2213 778 2294 uterque
805 2211 912 2295 siper
939 2231 1030 2275 sena-

62 2297 145 2360 rium
167 2317 336 2360 numerum
357 2295 590 2379 multiplicetur
612 2295 759 2360 efficiunt
780 2295 904 2360 dierum
919 2316 1029 2360 nume-

23 2402 49 2442 15
62 2404 133 2445 rum
155 2382 209 2466 qui
232 2384 355 2464 septem
377 2379 541 2445 mensibus
564 2379 776 2464 explicantur.
807 2383 923 2446 coeant
945 2379 1031 2444 enim
1041 2378 1082 2444 16

62 2466 202 2551 numeri,
237 2487 307 2530 mas
340 2465 395 2530 ille
423 2465 477 2550 qui
505 2467 702 2530 memoratur
729 2468 762 2530 et
782 2464 922 2548 femina,
957 2466 1030 2529 ooto

62 2551 186 2615 scilicet
207 2555 240 2615 et
261 2551 380 2636 uiginti
402 2554 541 2635 septem,
562 2550 696 2648 pariunt
718 2571 757 2614 ex
779 2571 813 2614 se
835 2549 975 2635 quinque
998 2552 1031 2613 et

62 2635 216 2718 triginta:
244 2635 325 2700 haec
347 2635 450 2700 sexies
476 2635 693 2719 multrplicata
721 2638 833 2700 creent
860 2635 969 2700 decem
998 2637 1032 2698 et

64 2720 233 2802 ducentos,
269 2720 323 2802 qui
355 2742 507 2785 numerus
534 2721 656 2785 dierum
685 2740 830 2784 mensem
858 2720 1032 2804 septimum

26 2823 52 2863 eo
66 2802 195 2868 claudit.
238 2803 285 2867 ita
308 2806 357 2868 est
378 2825 455 2888 ergo
481 2807 598 2869 natura
619 2804 776 2869 fecundus
803 2804 857 2870 hic
879 2824 1030 2869 numerus

64 2892 101 2952 ut
123 2887 260 2970 primam
274 2885 408 2951 humani
423 2891 534 2971 partus
549 2889 780 2972 perfectionem
797 2889 887 2973 quasi
910 2889 1032 2953 arbiter

65 2973 193 3055 quidam
220 2972 418 3059 maturitatis
447 2972 604 3037 absoluat.
649 2972 799 3038 discretio
833 2996 909 3038 uero
938 2995 1031 3038 sexus
1044 2972 1082 3036 17

64 3057 165 3121 futuri
188 3056 271 3121 siout
292 3055 507 3141 Hippocrates
528 3057 628 3122 refert
655 3057 759 3123 sicin
781 3060 873 3123 utero
895 3058 1032 3123 dinosci-

64 3146 127 3206 tur.
174 3144 229 3205 eut
263 3141 349 3204 enim
383 3142 621 3227 septuagesimo
653 3144 710 3206 aut
741 3142 952 3228 nonagesimo
981 3143 1032 3207 die

133 3297 232 3347 ifletu
250 3296 275 3345 B
327 3295 534 3348 8med1tateB
592 3299 623 3349 13
642 3296 781 3347 offlcu'm
799 3298 824 3346 P
874 3296 1033 3361 1511111111-

65 3364 152 3414 turB
222 3360 350 3415 111113
402 3364 525 3414 alcrtrP
590 3366 622 3414 21
642 3365 768 3428 cybelP
843 3363 1033 3428 221npareB

134 3431 234 3482 femme
252 3424 283 3482 P‘
351 3434 384 3483 29
402 3432 466 3482 nuIs
485 3430 520 3496 (11.
531 3447 553 3485 e.
572 3432 701 3496 numeris)
721 3432 746 3482 B
809 3435 842 3484 32
860 3430 1039 3482 maturitates

67 3492 98 3549 P'
166 3501 198 3550 33
216 3499 395 3566 hipochrates
408 3501 440 3565 P,
458 3499 608 3566 ypocrotes
622 3498 648 3548 B
