2362 3878
159 188 225 254 594
574 200 670 245 amru
693 199 720 245 11

161 377 233 420 eum
256 354 302 417 ait
323 353 358 417 in
379 356 466 417 terra
488 351 663 416 maculas
685 350 927 415 habitationum
950 351 1063 418 uideri
1077 375 1137 418 non
1177 428 1179 435 Ι

161 461 214 504 eas
229 439 308 503 dicit
322 458 403 522 quae
422 438 458 501 in
472 439 565 521 parte
579 439 709 500 nostrae
723 435 939 500 habitationis
954 457 1029 501 non
1044 439 1137 503 nullis

108 526 152 591 29
161 523 295 589 desertis
317 524 395 587 loeis
417 521 617 605 interpositis
638 521 834 585 incoluntur.
879 522 1064 587 nonenim
1079 523 1138 588 adi·

162 612 247 674 ceret
268 609 308 673 in
330 606 431 691 ipsis
453 604 619 670 maculis
647 609 783 670 uastas
811 604 1067 673 solitudines
1090 608 1137 672 in·

159 694 353 758 teriectas
381 691 408 756 si
435 692 522 775 ipsas
550 689 737 755 solitudines
766 690 901 772 diceret,
938 690 1034 756 inter
1062 712 1154 777 quasa

161 782 267 843 certae
289 780 398 861 partes
413 774 611 839 macularum
626 774 731 839 instar
750 774 964 858 haberentur,
991 777 1054 842 sed
1068 777 1137 862 quia

160 861 334 928 maculas
358 861 435 925 dieit
457 860 516 924 has
538 862 688 944 quattuor
716 880 794 944 quas
822 860 858 923 in
880 859 1011 925 duobus
1035 865 1137 926 terrae

160 946 405 1045 hemisphaeriis
427 945 521 1010 binas
543 966 612 1008 esse
634 945 716 1009 ratio
738 944 951 1028 monstrauit,
976 945 1068 1011 bene
1090 947 1136 1010 ad-

109 1033 237 1099 30ieeit
264 1031 507 1096 rnterieotas
536 1029 791 1093 solitudines.
836 1051 914 1093 narn
943 1030 1035 1096 siout
1066 1053 1136 1116 pars

161 1140 242 1201 quae
267 1116 434 1180 habitatur
461 1138 480 1179 a
507 1113 601 1179 nobis
628 1113 730 1178 multa
752 1113 964 1178 solitudinum
988 1115 1160 1182 interior-1⁰

160 1203 249 1267 tione
272 1201 369 1265 distin
417 1201 491 1283 itur,
516 1198 709 1263 eredendum
731 1202 779 1263 est
800 1199 836 1262 in
857 1198 924 1263 illis
939 1221 1072 1285 qnoque
1086 1201 1136 1265 tri-

161 1288 220 1351 bus
243 1285 313 1350 aliis
334 1222 588 1349 habitationibus
610 1284 730 1348 similes
752 1304 821 1347 esse
842 1282 930 1347 inter
953 1283 1088 1350 deserta
1109 1290 1137 1350 et

110 1372 150 1436 31
162 1371 248 1435 oulta
276 1369 510 1433 distinctiones.
556 1368 611 1432 sed
645 1372 678 1432 et
710 1370 861 1452 quattuor
892 1366 1137 1435 habitationum

161 1453 284 1517 incolas
308 1455 340 1516 et
361 1451 517 1516 relatione
539 1453 619 1516 situs
642 1453 767 1537 etipsa
791 1474 917 1536 quoque
934 1456 1051 1519 standi
1066 1477 1136 1541 qua
1177 1484 1179 1495 ·

159 1537 251 1602 litate
272 1537 311 1600 de
334 1537 429 1601 inxit.
473 1536 611 1620 primum
634 1537 788 1601 enimait
816 1537 895 1602 alios
923 1543 1061 1621 praeter
1082 1536 1179 1604 nost*

160 1622 208 1686 ita
235 1559 374 1686 inoolbre
401 1625 521 1686 terram
548 1625 585 1686 ut
607 1643 626 1686 a
648 1644 682 1686 se
703 1622 876 1705 interrupti
901 1622 1035 1690 nullam
1057 1646 1136 1690 eom·

161 1706 289 1771 meandi
312 1707 352 1771 ad
372 1728 405 1771 se
427 1705 570 1770 habeant
590 1706 790 1788 facultatem,
814 1709 847 1770 et
868 1706 969 1771 uerba
991 1709 1068 1794 ipsa
1090 1710 1136 1774 de·
1176 1758 1179 1775 .

163 1792 290 1856 elarant
316 1814 383 1857 non
419 1814 491 1856 eum
524 1791 563 1854 de
596 1813 661 1855 uno
694 1790 861 1855 hominum
892 1813 1020 1876 genere
1053 1793 1136 1880 loqui

161 1877 197 1940 in
218 1876 280 1941 hae
301 1877 469 1960 superficie
492 1875 624 1940 anobis
640 1875 737 1940 solius
751 1874 892 1939 torridae
906 1877 1135 1944 interiectione
1176 1900 1179 1961 j

162 1961 275 2025 diuiso.
321 1963 367 2026 sio
395 1961 480 2025 enim
508 1961 612 2045 magis
639 1961 760 2024 diceret
786 1961 846 2023 ita
877 1960 1179 2048 interruptosr'

43 2105 47 2113 .
161 2049 203 2110 ut
229 2045 334 2110 nihil
362 2047 409 2110 ab
435 2045 523 2110 illis
551 2046 595 2109 ad
623 2066 691 2109 uos
718 2066 879 2109 manare
900 2049 1056 2132 possit,
1085 2047 1135 2113 sed

161 2130 297 2195 dicendo
323 2131 382 2195 ita
409 2131 662 2214 interruptos
688 2132 730 2193 ut
757 2128 862 2193 nihil
889 2129 1005 2196 inter
1027 2135 1135 2217 ipsos

161 2215 208 2279 ab
231 2214 326 2279 aliis
349 2216 394 2279 ad
416 2215 517 2280 alios
539 2236 698 2279 manare
721 2215 863 2298 possit,
888 2214 1034 2298 qualiter
1055 2219 1136 2283 inter
1177 2288 1179 2301 Ι

110 2298 194 2364 32se
217 2299 273 2363 illa
293 2299 460 2365 hominurn
475 2321 595 2385 genera
616 2299 682 2363 sint
702 2299 805 2363 diuisa
827 2299 1008 2384 signifieat.
1056 2302 1136 2389 quod
1177 2310 1179 2335 ⁵

160 2387 269 2448 autem
295 2405 369 2449 uere
397 2386 438 2448 ad
464 2389 610 2451 nostram
636 2386 762 2468 partem
788 2383 982 2468 referretur,
1021 2388 1179 2465 adiecta

161 2469 297 2534 dicendo
319 2470 358 2532 de
379 2467 444 2531 illis
467 2468 522 2551 qui
544 2471 576 2532 et
598 2490 618 2531 a
639 2469 732 2533 nobis
755 2471 788 2532 et
809 2490 828 2531 a
851 2490 885 2533 se
906 2469 943 2533 in
959 2471 1074 2536 uicem
1096 2473 1136 2537 di·

159 2555 222 2617 uisi
244 2555 321 2617 sunt
341 2551 487 2635 partim
509 2551 689 2634 obliquos
711 2553 857 2636 partim
872 2556 1136 2623 transuersos

161 2637 309 2720 partim
331 2635 451 2698 etiarn
473 2634 661 2701 aduersos
684 2640 792 2702 stare
814 2637 946 2720 nobis,
969 2639 1137 2727 interrup-

159 2721 206 2784 tio
229 2740 306 2803 ergo
327 2740 393 2782 non
415 2719 509 2783 unius
532 2721 659 2805 generis
682 2743 701 2785 a
721 2723 815 2787 nobis
837 2723 893 2786 sed
913 2726 1067 2791 omnium
1088 2748 1138 2813 ge

159 2825 274 2867 nerum
289 2825 308 2867 a
324 2825 357 2867 se
372 2803 546 2869 diuisorum
560 2806 713 2890 refertur,
736 2829 818 2891 quae
838 2808 885 2871 ita
900 2807 1161 2896 distinguendae

108 2888 219 2953 33est.
264 2887 298 2952 hi
320 2909 399 2972 quos
421 2893 550 2974 separat
572 2912 591 2954 a
616 2890 710 2954 nobis
737 2895 883 2975 perusta,
913 2913 996 2976 quos
1020 2894 1139 2962 Graeci

226 3092 429 3144 4lollrtnd1nel
444 3086 477 3144 F
545 3094 752 3146 bmaenlarum
779 3095 874 3161 partes
893 3097 919 3147 B
991 3099 1088 3154 rastra
1114 3111 1140 3154 ul

158 3163 211 3214 uid.
230 3153 261 3211 F
314 3160 354 3211 set
371 3161 397 3210 B
466 3161 671 3229 Shemrlpernl
685 3163 711 3212 B
781 3166 812 3214 12
832 3168 861 3215 et
879 3165 995 3216 occulta
1012 3167 1040 3217 B
1109 3174 1138 3222 13

158 3227 269 3279 rneolas
283 3229 486 3279 habitatronum
504 3230 531 3279 B
608 3233 639 3282 16
657 3230 732 3281 nulla
749 3231 874 3282 habeant
893 3232 929 3283 ad
949 3233 975 3283 se
994 3234 1139 3289 facultati

158 3296 268 3346 meandi
288 3294 310 3346 dr
328 3296 415 3348 uerba
433 3298 459 3347 P
526 3300 557 3350 18
577 3314 678 3364 genere
697 3299 873 3350 hominumB
942 3304 977 3352 20
996 3302 1138 3358 ᾱιῐιιΐιοΒ

193 3370 233 3414 rta
252 3381 298 3418 om.
318 3366 343 3414 P
409 3367 441 3415 21
459 3381 572 3417 manere
592 3366 616 3415 B
669 3365 709 3416 set
725 3367 752 3415 B
820 3369 853 3418 23
872 3367 907 3418 ad
925 3368 1083 3428 rlloseorr.
1104 3391 1138 3426 es

152 3432 284 3553 pplalpos
298 3433 406 3553 PB25
424 3437 530 3499 pretam
549 3434 699 3485 refreretur
715 3430 749 3485 P'
804 3436 926 3488 refertur
943 3436 970 3485 B
1040 3439 1077 3492 31
1099 3441 1142 3494 Μ

252 3505 317 3571 apat
