2362 3878
484 197 542 259 xv,
559 187 652 241 2-13
982 178 1046 244 455

76 351 251 416 humoris
273 349 487 414 influere
510 349 556 413 in
583 347 843 431 pulmonem
871 369 936 413 ore
959 348 1045 432 ipso

78 437 253 501 arteriae
277 432 526 500 communito.
571 431 652 497 haec
673 431 905 514 Erasistratus,
937 435 987 498 cui
1009 433 1081 498 ut8

79 521 211 586 aestimo
234 541 310 584 uero
332 520 415 583 ratio
438 516 607 582 consent't.
658 539 730 582 cum
758 517 845 581 enim
867 517 956 582 cibus
978 541 1045 584 non

77 606 240 690 squalidus
263 604 407 669 siccitate
423 603 477 666 sed
492 602 634 666 humoris
649 602 803 686 temperie
818 601 923 666 mollis
938 604 1045 667 uentri

49 690 262 754 sinferendus
291 689 349 772 sit,
377 709 507 753 necesse
539 691 588 753 est
615 687 750 752 eandem
776 686 864 750 uiam
892 687 1044 752 ambobus

76 779 186 859 patere
208 778 245 837 ut
268 774 356 838 cibus
378 775 458 857 potu
478 774 675 856 temperatus
702 792 760 856 per
788 771 988 836 stomachum
1009 772 1045 836 in

76 863 190 923 uentre
219 859 375 923 condatur
405 878 465 922 nee
494 857 589 954 aliter
615 861 734 955 natura
762 860 959 941 conponeret
980 857 1044 921 nisi

77 941 1081 1112 1111111111111111111111119

37 1133 62 1172 1ο
77 1113 202 1196 ciderit,
237 1135 331 1198 quem
363 1112 403 1176 ad
434 1112 562 1175 modum
597 1114 747 1195 penetrat
780 1113 836 1175 aut
867 1110 1046 1175 transmitti

75 1202 182 1281 potest
209 1198 248 1261 ad
276 1198 381 1262 locum
409 1196 613 1282 digestionis,
644 1218 717 1261 cum
740 1199 865 1261 constet
887 1197 1044 1280 siquando

77 1305 151 1346 casu
180 1283 300 1366 aliquid
327 1280 423 1366 paulo
451 1281 580 1346 densius
613 1281 648 1345 in
677 1281 862 1365 pulmonem
887 1281 1044 1345 uiolentia

75 1368 207 1449 spiritus
228 1366 379 1431 trahente
401 1366 569 1450 deciderit,
592 1388 666 1430 mox
687 1366 778 1430 nasci
805 1366 920 1431 tussim
947 1365 1044 1429 nimis

37 1473 223 1598 11111111
246 1455 278 1598 {l
300 1450 1097 1620 111111111111111111ἓὲ11

74 1619 232 1702 traheret,
263 1641 334 1684 cum
362 1619 493 1703 polenta
521 1620 676 1684 bibuntur
712 1621 765 1684 uel
793 1642 865 1684 cum
897 1620 1045 1685 hauritur

75 1708 170 1788 potus
200 1704 360 1769 admixtus
389 1705 501 1788 granis
529 1727 585 1768 seu
616 1727 655 1768 ex
683 1727 718 1768 re
750 1705 857 1788 aliqua
886 1705 1042 1788 densiore,

75 1789 152 1872 quid
167 1789 217 1853 his
233 1789 368 1872 sumptis
383 1789 491 1872 pulmo
512 1789 702 1873 pateretur?
738 1789 823 1852 unde
847 1786 1044 1870 ἐπιγλωττίς
1055 1790 1095 1852 11

76 1896 94 1936 1
115 1877 233 1937 natura
254 1875 383 1955 prouisa
407 1876 465 1956 est,
488 1896 569 1958 quae
593 1894 665 1938 curn
688 1872 777 1937 cibus
800 1874 947 1957 sumitur,
971 1895 1044 1956 ope-

33 1976 61 2015 1ο
74 1958 213 2020 rimento
235 1959 278 2021 sit
300 1958 446 2041 arteriae,
463 1956 583 2042 nequid
603 1979 661 2040 per
682 1957 787 2040 ipsam
808 1957 843 2020 in
858 1956 1045 2041 pulmonem

75 2042 190 2123 spiritu
212 2043 332 2124 passim
352 2040 503 2106 trahente
525 2042 663 2105 labatur.
698 2041 783 2104 sicut
804 2045 837 2105 11
853 2063 925 2106 cum
940 2063 1044 2106 sermo

75 2126 269 2190 emittendus
293 2130 355 2209 est,
378 2125 556 2197 inclinatur
583 2126 623 2190 ad
651 2125 858 2209 operiendam
885 2125 1043 2190 stomachi

73 2211 159 2274 uiam
181 2214 217 2273 ut
239 2208 404 2294 ἀρτηρίαν
426 2210 499 2275 uoci
512 2214 624 2295 patere
646 2210 822 2294 permittat.
857 2213 906 2276 est
929 2212 961 2275 et
982 2210 1043 2276 hoc
1055 2209 1095 2274 12

74 2299 112 2359 de
135 2295 332 2379 experientia
347 2299 461 2360 notum
475 2294 560 2380 quod
573 2296 628 2380 qui
640 2295 761 2360 sensim
774 2294 911 2360 trahunt
931 2297 1044 2379 potum

32 2399 58 2438 aa
72 2384 202 2444 uentres
235 2380 358 2445 habent
389 2380 602 2445 humectiores
633 2380 767 2444 humore
800 2381 855 2465 qui
886 2379 1044 2464 paulatim

73 2469 218 2549 sumptus
248 2468 297 2529 est
323 2465 443 2530 diutius
475 2469 701 2550 permanente,
736 2465 835 2549 siquis
868 2486 945 2529 uero
977 2465 1044 2529 aui·

73 2550 143 2612 dius
172 2550 330 2634 hauserit,
362 2550 478 2615 humor
510 2552 620 2615 eodem
652 2551 776 2647 impetu
807 2571 870 2634 quc
902 2548 1044 2614 trahitur

72 2635 227 2714 praeterit
248 2635 283 2698 in
305 2636 445 2700 uesicam
467 2639 500 2700 et
522 2635 648 2701 sicciori
676 2635 747 2700 cibo
774 2634 925 2718 prouenit
948 2633 1043 2698 tarda

74 2717 220 2800 digestio.
264 2718 345 2783 haec
367 2723 475 2784 autem
502 2719 683 2785 differentia
710 2741 777 2784 non
803 2723 990 2784 nasceretur
1015 2720 1043 2783 si

32 2819 92 2863 sca
115 2802 274 2885 principio
297 2804 359 2866 cibi
382 2807 414 2867 et
435 2807 529 2887 potus
546 2804 640 2868 diuisi
655 2808 763 2869 essent
784 2808 919 2869 meatus.
958 2804 1043 2890 quod
1054 2804 1094 2869 13

74 2888 182 2948 autem
203 2885 342 2951 Alcaeus
364 2891 460 2971 poeta
483 2888 565 2952 dixit
586 2892 619 2952 11
640 2889 738 2974 uulgo
762 2889 889 2954 canitur

116 2974 198 3054 οἴνῳ
214 2971 390 3055 πνεύμονα
404 2973 512 3056 τέγγε,
528 2966 646 3055 τὸγὰρ
662 2969 791 3056 ἄστρον
811 2972 1041 3057 περιτέλλεται

140 3146 173 3194 32
192 3144 226 3194 fr.
247 3146 288 3206 39,
308 3159 333 3208 p.
353 3145 402 3194 943
422 3142 549 3210 (Bergkii
566 3149 665 3210 poetae
683 3143 735 3210 lyr.
754 3144 811 3210 Gr.)

141 3297 172 3345 13
190 3295 283 3345 mimis
297 3297 322 3346 P
407 3298 439 3345 16
456 3294 571 3362 polenta
588 3298 621 3358 P,
646 3296 796 3363 poculenta
816 3297 1041 3362 Cantabripr'ensis,

72 3362 338 3426 pultulentalanius
419 3366 450 3414 17
469 3363 598 3414 admixtis
612 3366 638 3414 P
699 3364 746 3415 sen
763 3382 809 3416 om.
828 3367 853 3416 P
921 3366 952 3414 18
971 3361 1041 3414 ΕΠΙ-

73 3427 260 3482 ΓΛωΓΓΙΕΡ
327 3434 358 3482 21
377 3430 506 3498 palscP
556 3435 588 3483 31
607 3431 744 3483 alceusP
807 3434 839 3483 32
857 3431 939 3493 τέγγε
957 3429 1043 3482 πνεύ-

72 3511 160 3558 μονα(
172 3495 242 3565 οἴνῳ
260 3499 390 3565 Berpkr’rcs
443 3497 527 3551 ΟΙΝΟ
544 3499 571 3549 Ρ
619 3496 872 3553 ΠΕΡΙΤΕΛΛΕΤΛΙΙ
891 3499 916 3547 Ρ
