2362 3878
474 218 553 282 xxi,
576 209 686 262 21-30
1000 200 1064 265 565

94 374 129 436 in
152 372 265 454 quibus
287 373 365 433 tunc
386 369 526 452 fuerant,
552 368 736 454 adsignauit
758 370 950 453 antiquitas,
981 370 1063 436 Can-

97 478 185 520 crum
207 455 313 537 lunae,
337 453 397 518 soli
418 453 574 536 Leonem3
598 453 737 538 quinque
758 475 834 518 uero
857 455 957 518 stellis
973 477 1064 539 prae-

95 547 145 605 ter
172 540 228 604 illa
256 540 367 624 signa,
400 538 515 622 quibus
549 541 628 602 tunc
660 538 889 621 inhaerebant,
924 540 1000 623 quin
1024 562 1063 604 ue

95 625 218 708 reliqua
240 625 286 688 sic
309 624 427 687 adiecit
447 626 591 687 uetustas
613 627 649 688 ut
671 623 705 686 in
729 623 938 709 adsignandis
960 646 979 686 a
1046 646 1063 688 e

69 710 211 794 aprioris
244 708 364 773 ordinis
398 708 474 772 ordo
511 708 669 773 secundus
706 708 873 791 inciperet.
919 708 1115 792 superius26

96 795 182 859 enim
209 794 345 857 diximus
373 792 408 856 in
436 792 631 876 Capricorno
654 792 828 859 Saturnum
854 797 928 877 post
954 815 1064 857 omnes

95 880 203 942 fuisse.
249 899 327 962 ergo
361 878 501 941 secunda
539 878 676 942 adiectio
715 900 786 942 eum
815 880 954 963 primum
986 878 1065 942 fecit

96 964 150 1047 qui
172 963 303 1027 ultimus
324 961 446 1046 fuerat,
476 963 547 1026 ideo
569 962 730 1046 Aquarius
758 963 813 1047 qni
835 962 1065 1046 Capricornum

95 1048 253 1132 seqnitur,
286 1046 424 1112 Saturno
452 1047 561 1129 datur,
595 1047 665 1112 Ioui
698 1048 753 1131 qui
787 1051 862 1112 ante
891 1046 1065 1112 Saturnum

57 1154 82 1192 10
96 1137 165 1197 erat
193 1133 301 1197 Pisces
329 1132 492 1196 dicantur:
521 1131 616 1196 Aries
643 1131 742 1196 Marti
771 1134 825 1217 qui
846 1135 1066 1216 praecesserat

95 1219 215 1300 Iouem,
231 1217 356 1281 Taurus
367 1216 488 1284 Veneri
503 1239 599 1301 quarn
612 1216 700 1280 Mars
716 1217 919 1301 sequebatur,
937 1215 1065 1282 Gemini

95 1303 254 1366 Mercurio
309 1304 360 1366 ost
391 1323 486 1385 quem
519 1301 629 1366 Venus
665 1301 772 1366 fuerat
803 1302 948 1386 deputati
979 1305 1064 1366 sunt.

95 1388 273 1450 notandum
287 1325 356 1450 hoc
377 1386 448 1450 loco
470 1387 553 1471 quod
574 1387 610 1450 in
632 1387 783 1471 genitura
803 1387 915 1450 muudi
930 1385 981 1450 uel
996 1386 1067 1469 ipsa
1075 1384 1115 1448 27

96 1492 202 1534 rerum
238 1470 443 1553 prouidentia
478 1472 531 1535 uel
566 1472 737 1536 uetustatis
773 1471 943 1557 ingenium
979 1470 1066 1534 huno

57 1576 82 1615 15
96 1555 196 1619 stellis
219 1555 363 1619 ordinem
384 1555 471 1619 dedit
493 1577 587 1639 quem
600 1555 694 1621 Plato
716 1557 782 1620 adsi
832 1557 901 1620 auit
920 1555 1067 1639 sphaeris

97 1662 204 1703 earum
227 1643 263 1702 ut
279 1642 363 1703 esset
376 1638 453 1703 luna
468 1640 590 1723 prima,
615 1640 663 1704 sol
678 1663 777 1705 secun
799 1663 847 1725 us,
870 1663 965 1724 super
979 1639 1066 1704 hunc

96 1724 283 1807 Mercurius,
306 1723 417 1788 Venus
439 1727 564 1809 quarta,
586 1725 664 1789 hinc
684 1725 789 1808 Mars,
813 1725 888 1789 inde
908 1725 1065 1808 Iuppiter,

96 1814 128 1872 et
151 1808 309 1873 Saturnus
331 1809 478 1889 ultimus,
509 1809 564 1872 sed
591 1809 661 1872 sine
683 1809 778 1873 huius
798 1811 909 1872 tamen
931 1809 1066 1872 rationis

98 1895 275 1976 patrocinio
304 1893 430 1957 abunde
458 1893 660 1956 Platonicum
692 1893 837 1957 ordinem
864 1893 951 1976 prior
982 1893 1066 1956 ratio

57 1998 82 2037 ro
97 1977 309 2041 commendat.
355 1998 393 2040 ex
415 1976 482 2059 his,
514 1997 595 2060 quae
618 1976 657 2040 de
678 1977 785 2041 uerbis
809 1976 972 2043 Ciceronis
995 1976 1118 2059 pro-28

95 2063 179 2125 xime
207 2060 361 2145 praelatis
394 2060 577 2144 quaerenda
607 2062 846 2145 proposuimus,
880 2082 942 2145 qua
975 2061 1069 2126 licuit

96 2146 265 2228 breuitate,
290 2167 309 2208 a
330 2167 454 2210 summa
476 2144 630 2230 sphaera,
682 2168 742 2209 uae
763 2143 915 2230 ἅπλανής
937 2147 1065 2229 dicitur,

95 2252 194 2314 usque
217 2230 257 2294 ad
279 2231 400 2314 lunam,
424 2252 505 2315 quae
526 2229 642 2294 ultima
660 2167 846 2295 diuinorum
868 2235 933 2314 est,
958 2232 1067 2295 omnia

95 2317 160 2379 iam
189 2320 225 2379 ut
253 2315 367 2398 opinor
401 2315 606 2380 absoluimus.
658 2337 734 2379 nam
763 2318 796 2379 et
825 2316 949 2380 caelum
978 2314 1118 2379 uolui29

56 2420 81 2459 aa
96 2404 129 2465 et
151 2423 207 2465 cur
228 2401 275 2465 ita
298 2400 447 2464 uoluatur
473 2399 671 2465 ostendimus
699 2404 884 2484 septemque
911 2400 1065 2484 sphaeras

97 2487 257 2551 contrario
283 2489 373 2549 motu
400 2485 479 2550 ferri
507 2487 589 2549 ratio
617 2484 802 2549 indubitata
830 2485 1001 2568 patefecit,
1033 2489 1066 2550 et

95 2571 133 2633 de
162 2570 231 2651 ipso
259 2570 467 2653 sphaerarum
500 2570 611 2634 ordine
644 2570 719 2654 quid
753 2571 874 2635 diuersi
903 2570 1067 2635 senserint

94 2654 147 2716 uel
161 2654 236 2736 quid
250 2655 337 2718 inter
351 2678 404 2720 eos
419 2655 650 2721 dissensionem
670 2655 795 2738 fecerit,
819 2676 940 2740 quaeue
955 2656 1059 2740 magis

95 2738 138 2801 sit
166 2738 327 2820 sequenda
356 2741 527 2822 sententia,
553 2741 712 2803 tractatus
734 2741 871 2804 inuenit.
916 2756 977 2804 nec
998 2740 1059 2805 hoc
1071 2738 1114 2805 30

55 2843 81 2881 ao
94 2822 230 2886 tacitum
252 2826 302 2886 est
324 2845 379 2886 cur
400 2824 486 2886 inter
507 2845 618 2887 omnes
640 2823 750 2888 stellas
772 2824 840 2889 sola
860 2825 929 2889 sine
950 2825 1061 2889 fratris

165 3043 390 3108 lassrgnaurtB
442 3047 542 3096 3tunc
560 3045 704 3095 merebant
722 3037 753 3097 P'
821 3047 1028 3112 4ass1gnandrs
1041 3046 1067 3097 Β

95 3114 110 3162 6
129 3113 267 3162 saturnum
285 3103 318 3161 P'
369 3111 429 3176 post
448 3111 543 3163 omncs
560 3112 700 3162 saturnum
718 3112 744 3162 Β
812 3116 828 3165 8
847 3115 940 3165 suerat
957 3114 1071 3166 ultimus

93 3181 120 3230 B
173 3195 375 3244 capricornium
393 3174 425 3229 P'
499 3178 639 3246 10p1sces
653 3181 798 3231 danturP
867 3182 1067 3248 marrignana

94 3248 180 3312 speras
195 3247 220 3297 B
299 3250 331 3297 19
349 3247 478 3297 habunde
496 3246 522 3297 Β
574 3253 706 3313 prroratro
725 3240 757 3298 P'
837 3252 870 3300 10
890 3250 1067 3300 edmondaurt

94 3317 120 3365 P
186 3318 217 3365 11
236 3305 356 3382 pposnmi
375 3315 512 3382 querenda
529 3315 556 3365 Β
608 3315 726 3366 lrouburt
748 3307 782 3366 B'
851 3320 883 3368 11
908 3317 986 3383 spera
1005 3315 1031 3365 Β

95 3383 214 3448 aplanes
226 3382 276 3433 PB
344 3385 377 3432 14
395 3397 510 3449 opprnor
529 3384 609 3445 (corr.
629 3398 664 3434 ero
682 3382 810 3449 cbpmor)
827 3384 854 3433 B
922 3387 955 3436 15
975 3383 1069 3448 speras

95 3451 119 3500 Β
171 3452 203 3501 16
222 3451 287 3502 srerr
304 3456 375 3502 ratro
393 3451 419 3499 B
487 3453 519 3501 17
539 3450 677 3517 sperarum
696 3450 722 3500 B
774 3453 845 3517 quod
863 3443 896 3502 B'
965 3455 998 3503 29
1011 3452 1064 3503 hoc

93 3520 175 3569 tautir
194 3522 208 3569 ἔ
225 3518 250 3567 Β
319 3521 352 3571 30
371 3534 438 3584 quur
456 3519 481 3568 P
