2362 3878
504 217 556 284 m,
573 208 649 262 e-o

292 373 392 453 tuque
414 390 433 433 o
455 369 661 434 sanciissima
685 370 825 435 coniunx

292 453 373 519 felix
394 457 496 520 morte
517 458 585 519 tua.

47 571 53 579 ·
120 554 216 641 inquo
247 555 411 622 castitatis
442 557 597 621 honorem
624 556 831 641 incorruptae
859 559 965 623 uxoris
994 581 1059 625 am-

46 655 52 665 '
121 638 203 788 pexus
223 644 287 706 esi:
309 640 396 705 unde
419 643 452 705 et
473 644 638 706 sanciae
660 641 788 726 leges,
813 663 895 726 quae
917 665 984 707 non
1007 646 1059 709 de-

106 738 115 780 a

147 729 193 822 ani
216 747 339 810 poenae
368 726 535 790 sanctione
565 727 735 810 corrumpi.
780 727 864 810 quod
890 730 998 792 autem
1020 729 1094 794 ad?

120 829 227 891 pmrem
253 810 374 896 speciei
401 810 621 875 definitionem
649 811 688 875 de
716 814 829 876 sancto
856 812 996 896 adtinet,
1027 813 1060 876 id

121 895 155 958 ot
169 898 200 959 ui
218 917 286 960 non
308 895 396 960 aliud
420 896 464 960 sic
485 917 580 980 quam
603 917 729 960 sacrum
752 900 808 960 aui
830 896 1016 982 religiosum

239 1019 314 1062 ecoe
335 996 416 1062 leuis
439 1018 562 1061 summo
585 996 624 1061 de
646 998 768 1062 uertice
791 998 879 1062 uisus
905 997 968 1062 Iuli

46 1128 54 1203 ἶ
97 1165 141 1227 met
155 1082 376 1252 paulofffiere
397 1082 508 1146 lumen
530 1103 629 1165 apex,

46 1264 53 1273 ·
145 1271 192 1315 nos
210 1252 321 1337 pauidi
342 1250 504 1335 trepidare
525 1254 615 1349 metu
638 1251 822 1350 crinemque
844 1251 1038 1338 flagrantem

46 1365 52 1405 ;
146 1340 278 1402 excutere
301 1339 335 1401 ei
356 1339 486 1401 sanctos
508 1338 711 1422 restinguere
733 1336 878 1401 foniibus
899 1339 1003 1422 ignes.

116 1432 153 1500 hic
174 1439 255 1503 enim
283 1441 444 1503 sanctos
473 1459 511 1503 ac
540 1438 568 1501 si
596 1459 730 1504 sacros
761 1438 954 1523 accipiemus
983 1440 1058 1524 quia

115 1518 240 1589 diuiniars
264 1523 481 1608 contigemni.
526 1523 605 1586 item

76 1608 107 1656 '²⁵
288 1611 387 1692 tuque
409 1628 428 1672 ο
450 1608 654 1672 sanctissima
676 1611 767 1672 uates

289 1693 436 1777 praescia
457 1692 587 1758 uenturi

111 1794 159 1840 non
178 1776 262 1843 eliud
283 1777 348 1842 nisi
374 1799 527 1842 sacram
555 1785 666 1860 uocat,
696 1799 791 1862 quam
814 1778 965 1843 uidelicet
992 1790 1085 1843 ua-'

109 1859 181 1946 tem,
203 1867 237 1927 et
258 1863 317 1928 deo
339 1862 470 1948 plenam
492 1865 525 1926 et
546 1862 755 1927 sacerdotem.

173 1946 326 2033 Superesi
346 1950 383 2012 ui
403 1947 480 2032 quid
500 1948 543 2012 sit
565 1946 801 2033 religiosum
824 1969 897 2012 eum
911 1947 1092 2033 Vergili08

46 2032 368 2109 imcommumcemus.
420 2031 570 2098 SERVIVS
599 2031 782 2098 SVLPICIVS
814 2031 1058 2116 religionem

46 2124 50 2129 '
103 2132 174 2181 csse
200 2118 350 2182 dictam
376 2116 511 2181 tradidit
538 2138 637 2201 quae
663 2117 830 2200 propter
858 2116 1057 2180 sanciita-

101 2200 165 2266 iem
195 2202 372 2299 aliquam
407 2204 560 2267 remota
596 2223 639 2266 ac
676 2200 856 2284 seposita
890 2221 909 2263 a
941 2199 1057 2265 nobis

98 2284 144 2349 sit
168 2308 282 2371 qnasi
309 2308 328 2351 a
350 2286 455 2351 relin
489 2286 617 2351 nendo
645 2286 819 2350 dicioni
846 2307 865 2348 a
886 2284 1057 2349 carendo

98 2372 344 2436 caerimonia.
388 2370 450 2436 hoc
504 2371 637 2456 engilius
660 2392 793 2436 seruans
817 2369 864 2434 ait
1073 2372 1093 2435 9

64 2485 85 2527 2⁶
130 2476 177 2537 esi
197 2474 316 2558 ingens
338 2472 480 2558 gelidum
500 2472 591 2537 lucus
613 2493 713 2556 prope
735 2471 877 2539 (laceretis
900 2492 1029 2536 amnem

129 2557 285 2643 religione
306 2560 436 2641 paimm
456 2557 523 2622 late
546 2578 636 2622 sacer

91 2662 121 2723 et
141 2659 258 2725 adiecit
280 2681 343 2744 quo
364 2659 595 2743 proprietatem
617 2659 783 2745 religionis
806 2659 1000 2742 exprimeret

700 2743 841 2828 undique
863 2742 960 2807 colles

128 2828 287 2894 inclusere
310 2828 399 2913 caui,
424 2831 457 2893 ct
477 2829 574 2914 nigra
596 2849 708 2894 nemus
731 2827 836 2893 abiete
860 2827 979 2912 cingit,

154 3018 311 3070 [AemXI
329 3019 379 3070 158
447 3017 632 3070 Sinuesa
701 3019 733 3067 -11
752 3017 904 3069 museo
969 3017 1001 3067 15
1019 3015 1056 3066 ib.

86 3084 176 3136 vles
245 3088 279 3136 25
295 3084 333 3140 ib.
352 3086 421 3138 VIII
439 3088 488 3138 597
557 3088 590 3138 28
608 3087 644 3137 ib.
663 3085 731 3137 VIII
749 3087 799 3136 598

154 3257 290 3305 lconiux
308 3247 341 3303 B'
393 3254 573 3306 coercitores
589 3247 619 3304 V
671 3256 778 3320 &pene
796 3255 828 3317 P,
847 3269 938 3319 paene
956 3244 1058 3305 B'f'ss

86 3324 189 3373 attinet
206 3325 233 3373 P
299 3323 331 3373 12
348 3327 473 3374 extutere
486 3315 518 3371 P'
587 3324 618 3374 17
637 3321 862 3387 quindecim&
880 3319 957 3384 ᾱόΡ,
977 3322 1059 3384 qnam

85 3387 202 3441 ardebat
218 3387 242 3441 ἃ
259 3393 352 3442 uatem
369 3388 393 3441 ir
411 3387 462 3440 deo
481 3388 507 3439 B
581 3393 612 3442 19
630 3397 657 3441 et
673 3392 706 3441 24
725 3389 839 3455 urrg1lio
856 3389 883 3438 B
952 3390 985 3438 20
1004 3386 1059 3434 ser-

84 3456 140 3507 uus
152 3450 186 3509 Ρ
253 3459 287 3508 21
305 3456 408 3508 dictam
428 3457 482 3509 esse
495 3456 522 3507 B
589 3460 624 3508 24
641 3458 843 3524 cerimoniaep
914 3457 947 3506 25
967 3450 1062 3504 ciceris

84 3539 158 3580 corr.
175 3526 204 3576 in
221 3523 325 3577 ceretis
336 3527 363 3574 in
377 3525 406 3574 B
