2362 3878
455 206 489 272 v,
512 199 618 252 8-16
962 191 1026 258 483

57 366 95 426 ut
117 361 255 425 diximus
276 360 440 444 duplicata
462 361 495 422 et
517 362 590 423 octo
611 357 700 423 facta
715 358 791 433 duo,
820 360 920 425 uadra
942 360 1027 426 simi·

57 447 102 510 lia
124 445 311 510 describunt
338 466 420 529 quae
448 443 509 508 sibi
537 444 738 528 superposita
760 381 933 529 aliaque
955 445 1027 511 elti-

57 531 169 595 tudine
191 531 329 595 formam
357 529 430 594 cubi
458 528 543 613 quod
570 533 620 592 est
651 528 789 593 solidum
818 549 931 613 corpus
960 531 1027 596 effi-

60 617 158 681 ciunt.
211 637 249 680 ex
278 614 329 679 his
358 616 493 699 apparet
521 613 736 697 antiquiorem
763 634 831 678 esse
858 635 1027 680 numerum
1039 617 1078 681 12

34 701 226 785 ssupefficie
249 703 282 765 et
302 699 398 764 lineis
421 719 459 763 ex
482 698 596 781 quibus
622 697 713 762 illam
736 701 884 763 constare
910 721 1027 764 memo-

58 787 201 850 rauimus
216 783 391 868 formisque
405 783 565 848 omnibus.
597 782 725 847 alineis
741 783 829 847 enim
844 784 1028 848 ascenditur

59 871 99 934 ad
126 891 297 934 numerum
324 872 491 952 tamquam
520 867 560 932 ad
587 867 727 952 priorem
754 871 792 933 ut
817 869 1028 954 intellegatur

59 977 97 1018 ex
120 954 253 1019 diuersis
275 953 417 1018 numeris
444 952 618 1036 linearum,
652 974 734 1037 quae
756 952 879 1018 formae
900 975 1027 1039 geome-

58 1041 159 1104 tricae
192 1039 425 1104 describantur.
479 1037 585 1122 ipsam
616 1058 692 1102 uero
721 1039 922 1122 superficiem
956 1060 1029 1104 cum
1040 1040 1078 1104 13

21 1146 46 1184 10
59 1125 153 1189 lineis
168 1125 234 1188 suis
256 1124 395 1208 primam
409 1126 484 1208 post
498 1143 631 1206 corpora
646 1122 783 1188 diximus
805 1123 1028 1208 incorpoream

60 1231 128 1274 esse
144 1212 294 1274 naturam
308 1230 370 1274 nec
391 1212 501 1272 tamen
518 1207 782 1291 sequestrandam
803 1211 935 1293 propter
957 1230 1028 1292 per-

82 1297 189 1358 etuam
218 1316 290 1358 cum
319 1292 504 1378 corporibus
533 1293 730 1357 societatem.
776 1314 853 1379 ergo
875 1293 958 1378 quod
987 1295 1028 1359 ab

58 1319 121 1443 Eae
143 1400 252 1442 rursus
274 1379 411 1462 recedit,
442 1378 507 1442 iam
529 1399 608 1462 pure
629 1378 854 1462 incorporeum
877 1381 940 1462 est,
969 1401 1029 1443 nu·

59 1484 164 1527 meros
187 1466 294 1527 autem
315 1463 377 1527 hac
399 1463 578 1546 superiores
600 1463 796 1548 praecedens
814 1484 918 1528 sermo
939 1467 1029 1562 pate·

22 1548 154 1630 refecit,
185 1548 290 1631 prima
312 1551 362 1611 est
389 1547 491 1632 igitur
517 1546 673 1630 perfectio
698 1548 972 1632 incorporalitatis
993 1549 1029 1614 in

48 1632 202 1699 ‚numeris
225 1636 258 1697 et
280 1633 359 1697 haee
377 1636 427 1696 est
447 1635 484 1696 ut
506 1632 644 1696 diximus
666 1654 872 1697 numerorum
886 1634 1029 1707 omnium

59 1718 236 1803 plenitudo.
281 1738 425 1782 seorsum
451 1716 509 1782 illa
530 1720 567 1782 ut
594 1738 691 1800 supra
714 1717 937 1781 admonuimus
962 1719 1028 1802 ple·
1040 1717 1080 1781 14

59 1803 172 1868 nitudo
201 1806 250 1867 est
277 1824 385 1867 eorum
407 1802 462 1886 qui
491 1805 548 1865 aut
576 1822 691 1884 corpus
713 1800 859 1866 efficiant
880 1804 937 1866 aut
962 1803 1029 1867 uim

59 1889 230 1952 obtineant
251 1887 453 1952 uinculorum
477 1886 555 1950 licet
577 1884 657 1949 alias
680 1905 804 1969 quoquc
827 1905 939 1964 causas
961 1887 1029 1970 qui-

22 1994 47 2031 20
61 1973 121 2035 bus
157 1971 246 2055 pleni
282 1971 406 2034 numeri
437 1969 621 2034 efficiantur
653 1990 722 2033 esse
752 1990 819 2034 non
853 1970 1027 2056 ambigam.

60 2055 199 2140 qualiter
226 2057 333 2119 autem
361 2055 545 2120 octonarius
572 2075 726 2118 numerus
755 2054 893 2118 solidum
915 2076 1029 2140 corpus
1041 2055 1080 2120 15

61 2140 182 2205 efficiat
208 2143 284 2204 ante
312 2140 387 2204 latis
414 2139 585 2223 probatum
613 2141 671 2203 est.
716 2159 794 2224 ergo
821 2140 1030 2224 singulariter

59 2224 321 2375 tralucidi
343 2225 411 2374 tl
428 2224 1030 2393 t⁰3i¹¹atrlil⁰ltlillolt

22 2416 47 2457 a
61 2399 110 2460 est
133 2359 372 2460 concinentiam
399 2394 488 2459 hunc
509 2415 679 2458 numerum
699 2393 804 2479 magis
827 2397 938 2478 aptum
960 2416 1030 2459 esse

60 2503 127 2546 non
150 2480 281 2545 dubium
303 2484 352 2545 est
375 2502 447 2544 cum
469 2479 626 2563 sphaerae
652 2479 743 2562 ipsae
765 2481 837 2544 octo
860 2478 926 2544 sint
948 2501 1030 2564 quae

60 2569 247 2647 mouentur,
270 2565 440 2650 dequibus
455 2567 622 2663 secuturus
639 2585 743 2628 sermo
764 2565 926 2662 procedet.
964 2586 1029 2629 om·
1041 2563 1081 2628 16

61 2651 484 2799 tristitiarum
498 2648 843 2820 dlligissiiilali
864 2671 1028 2801 lustr

22 2820 111 2881 coest
139 2817 225 2881 enim
248 2820 304 2880 aut
330 2818 369 2882 de
395 2818 447 2882 his
469 2840 550 2902 quae
578 2840 681 2902 neque
707 2822 905 2905 generantur
925 2842 1030 2904 neque

62 2905 221 2985 generant
236 2901 274 2965 de
289 2902 426 2966 monade
442 2905 475 2966 et
497 2906 632 2987 septem,
655 2925 737 2988 quae
756 2904 864 2989 qualia
886 2905 953 2972 sint
974 2926 1032 2970 suo

129 3109 215 3158 2l1b1
233 3125 278 3159 om.
297 3107 323 3156 B
391 3109 483 3160 aubi
499 3110 531 3173 P,
559 3109 610 3161 s1b1
626 3109 652 3159 Β
720 3109 869 3174 dsupficu'a
885 3112 912 3162 Β
979 3113 1032 3165 rll1‘1

61 3170 92 3228 Ρ
163 3175 593 3256 10d1x1m¹u1nlcorporcua
656 3180 687 3228 11
707 3177 880 3242 sequestreda
896 3172 932 3229 B'
999 3185 1032 3233 13

61 3248 115 3296 hae
134 3245 209 3296 surlir
227 3243 277 3295 PB
365 3247 396 3295 le
413 3244 466 3310 hec
485 3244 539 3296 esse
558 3245 584 3295 B
619 3304 625 3323 Ι
673 3248 705 3297 19
723 3251 901 3312 oportrneant
917 3264 986 3300 corr.
1004 3253 1031 3299 in

62 3315 207 3364 obtineant
224 3317 251 3364 in
268 3311 294 3362 B
371 3314 405 3363 22
424 3312 569 3394 efficiatur
585 3313 612 3363 B
689 3316 732 3396 24Ι
741 3317 863 3397 armonia
880 3314 929 3364 ΡΒ
965 3386 971 3398 ⁸
998 3319 1032 3367 26

62 3382 397 3501 spirinlirascai2lnarrrlldil
406 3397 488 3499 irio}
506 3398 533 3431 m
544 3380 1031 3516 alliagilldradtiiidg‚znddilrdlmniaylprg

63 3522 199 3583 generant
216 3534 263 3569 om.
280 3517 348 3568 ΡΒ
400 3520 431 3570 31
452 3516 548 3581 qualia
566 3514 594 3568 st
608 3518 634 3568 Ρ
781 3551 786 3557 -

825 3596 898 3669 Ἃ*
