2362 3878
504 190 555 256 111,
571 182 664 234 4—12
1002 174 1065 239 475

95 343 248 408 inuadere
272 345 304 407 et
330 342 472 427 pondere
495 363 551 406 suo
578 364 704 426 pressos
727 365 765 408 ac
787 345 963 409 sentientes
990 366 1063 430 gra·

95 450 182 492 uarc.
228 428 278 492 his
300 428 422 491 duobus
444 427 547 491 modis
568 427 609 491 ad
633 427 758 491 nullam
782 430 937 493 noscendi
963 428 1100 494 futuri8

96 535 190 597 opem
211 513 366 597 receptis,
389 512 493 575 tribus
510 512 623 576 ceteris
645 512 680 576 in
702 512 871 598 ingenium
892 514 1063 578 diuinatio-

95 600 146 662 nis
169 599 368 662 instruimur.
413 599 446 660 et
467 601 517 660 est
543 597 745 660 oraculum
773 598 900 682 quidem
928 620 1000 663 cum
1027 600 1064 662 in

69 684 216 746 ssomnis
238 704 356 766 parens
378 681 430 744 uel
453 681 516 745 alia
540 685 653 745 sancta
675 683 824 767 grauisue
847 704 985 766 persona
1008 704 1064 747 seu
1142 726 1145 733 -

95 768 243 831 sacerdos
264 767 316 831 uel
339 767 437 830 etiam
459 766 536 830 deus
559 769 668 850 aperte
692 770 883 831 euenturum
904 767 982 850 quid
1008 769 1064 830 aut

94 873 161 915 non
190 856 396 934 euenturum,
425 851 608 915 faciendum
638 851 848 915 uitandumue
879 851 1061 917 denuntiat.

95 936 199 1000 uisio
234 940 283 1000 est
311 939 418 1000 autem
447 958 519 1000 cum
550 936 585 999 id
613 936 683 1019 quis
716 935 804 1000 uidet
836 936 920 1020 quod
953 933 1099 1000 eodem9

94 1021 188 1084 modo
203 1042 264 1105 quo
280 1024 476 1105 apparuerat
496 1021 631 1084 eueniet.
670 1020 808 1084 amicum
829 1042 963 1105 peregre
979 1042 1063 1085 com-

57 1123 82 1162 10
94 1109 273 1169 morantem
295 1127 390 1190 quem
411 1126 477 1170 non
501 1105 666 1190 cogitabat
688 1107 776 1170 uisus
798 1105 860 1170 sibi
888 1109 937 1170 est
958 1127 1063 1170 reuer-

94 1212 165 1253 sum
186 1190 295 1254 uidere
316 1193 350 1255 et
370 1190 559 1274 procedenti
578 1190 691 1254 obuius
714 1212 809 1275 quem
826 1191 953 1255 uiderat
972 1191 1063 1255 uenit

94 1275 129 1338 in
152 1278 332 1358 amplexus,
358 1276 538 1359 depositum
558 1275 595 1339 in
617 1276 723 1359 quiete
745 1276 885 1359 suscepit
907 1279 940 1339 et
960 1278 1028 1339 mat
1051 1313 1063 1323 -

93 1359 182 1422 tinus
199 1360 228 1422 ei
250 1362 398 1443 precator
414 1360 554 1424 occurrit
569 1359 728 1424 mandans
750 1360 906 1444 pecuniae
927 1360 1064 1424 tutelam

95 1445 128 1507 et
153 1443 235 1506 fidae
260 1444 421 1507 custodiae
449 1444 582 1509 celanda
611 1447 824 1509 committens.
870 1441 1114 1508 somniumIO

57 1545 81 1585 15
95 1528 223 1611 proprie
245 1532 380 1592 uocatur
402 1529 486 1612 quod
508 1529 593 1614 tegit
614 1529 726 1614 figuris
749 1532 783 1593 et
809 1529 896 1594 uelat
918 1529 1063 1613 ambagi-

94 1613 153 1676 bus
168 1633 235 1676 non
251 1613 314 1676 nisi
336 1613 604 1696 interpretatione
625 1613 879 1699 intellegendam
901 1614 1063 1700 significa-

93 1698 216 1761 tionem
238 1698 387 1781 reiquae
409 1699 663 1780 demonstratur,
695 1699 779 1782 quod
805 1700 899 1785 quale
926 1701 969 1763 sit
996 1720 1063 1763 non

94 1782 229 1846 anobis
251 1783 475 1866 exponendum
498 1785 547 1846 est
576 1803 648 1846 cum
676 1782 737 1846 hoc
762 1805 845 1848 unus
868 1784 1001 1869 quisquc
1024 1806 1063 1847 ex

93 1888 154 1929 usu
176 1868 252 1949 quid
273 1868 317 1930 sit
338 1869 505 1951 agnoscat.
551 1865 645 1930 huius
668 1867 809 1952 quinque
830 1871 907 1932 sunt
928 1869 1061 1952 species.

56 1969 81 2010 ao
96 1953 151 2014 aut
172 1951 258 2014 enim
280 1952 485 2034 proprium
507 1953 563 2013 aut
585 1949 759 2015 alienum
781 1954 837 2016 aut
859 1974 1062 2017 commune

94 2038 150 2100 aut
171 2035 375 2119 publicum
398 2037 453 2098 aut
475 2033 667 2120 generale
690 2037 747 2098 est.
787 2037 992 2120 proprium
1015 2035 1113 2101 estll

95 2142 166 2184 cum
190 2142 223 2183 se
246 2121 316 2204 quis
338 2119 514 2183 facientem
535 2119 753 2202 patientemue
769 2120 888 2204 aliquid
910 2122 1061 2205 somniat,

94 2205 268 2269 alienum
292 2226 363 2268 cum
385 2203 500 2287 alium,
529 2224 731 2267 commune
755 2225 826 2267 cum
849 2226 882 2268 se
904 2227 969 2269 una
992 2228 1064 2270 cum

94 2290 173 2374 alic,
197 2290 401 2373 publicum
424 2291 472 2352 est
495 2310 567 2352 cum
583 2287 709 2352 ciuitati
730 2287 841 2351 foroue
861 2289 913 2352 uel
934 2290 1063 2355 theatro

55 2393 81 2433 a
94 2397 150 2438 sau
178 2375 373 2458 quibuslibet
405 2372 543 2457 publicis
576 2372 743 2437 moenibus
772 2372 937 2436 actibusue
968 2375 1063 2439 triste

93 2459 146 2523 uel
172 2458 294 2523 laetum
321 2459 397 2545 quid
425 2459 576 2522 aestimat
604 2458 773 2541 accidisse,
832 2457 993 2522 encrate
1015 2461 1064 2522 est

95 2564 168 2606 cum
191 2545 275 2608 circa
303 2545 378 2609 solis
406 2545 515 2608 orbem
542 2543 729 2607 lunaremue
759 2542 813 2627 glo
836 2564 891 2606 um
917 2563 973 2606 seu
1000 2541 1063 2606 alia

95 2626 200 2690 sidera
228 2629 279 2691 uel
309 2629 432 2693 caelum
459 2650 611 2693 omnesue
638 2630 741 2692 terras
770 2627 891 2712 aliquid
924 2627 1064 2692 somniat

94 2711 295 2776 innouatum.
339 2713 401 2778 hoc
423 2735 458 2777 er
482 2735 500 2778 o
523 2714 608 2798 quod
626 2712 734 2796 Scipio
756 2713 874 2776 uidisse
897 2734 931 2777 se
952 2712 1065 2777 retulit
1076 2710 1116 2774 12

56 2814 82 2854 ao
96 2798 129 2858 et
154 2795 219 2858 tria
246 2796 302 2859 illa
324 2819 405 2881 quae
428 2735 495 2862 seda
523 2797 703 2883 probabilia
725 2799 802 2862 sunt
828 2818 950 2882 genera
976 2797 1064 2881 prin-

97 2879 272 2963 cipalitatis
288 2881 492 2965 amplectitur
507 2887 540 2947 et
554 2904 665 2947 omnes
687 2883 788 2966 ipsius
803 2882 920 2946 somnii
941 2884 1064 2967 species

165 3088 178 3135 1
198 3101 232 3135 aa
251 3079 402 3136 sentientes
416 3087 448 3151 P,
467 3087 724 3154 acsenltreutrentel
737 3087 763 3136 B
843 3090 858 3138 7
876 3085 1020 3153 urtandriq3
1038 3087 1064 3136 B

96 3151 182 3206 Sani
200 3151 242 3204 c·
260 3154 286 3204 B
356 3147 610 3219 9apperueratB'
690 3159 723 3208 10
740 3151 773 3222 il
790 3155 840 3205 llbl
858 3156 884 3204 B
953 3157 984 3205 11
1003 3170 1066 3220 pro-

97 3222 214 3272 cedente
232 3222 258 3271 B
327 3219 407 3272 Oblus
420 3211 455 3271 B'
523 3224 554 3273 12
573 3221 658 3288 fulcri)
674 3225 700 3274 P
765 3221 919 3282 matultims
937 3223 963 3271 B
1032 3225 1065 3273 13

96 3289 325 3340 commendansb
412 3290 444 3339 14
463 3291 609 3341 comittens
622 3291 648 3340 B
734 3286 905 3356 reuelato!
924 3290 1018 3355 bag1b;
1037 3297 1067 3339 ut

95 3358 148 3406 uid.
167 3349 200 3407 B'
286 3360 318 3408 17
338 3356 485 3422 quiquale
504 3350 539 3406 B'
623 3359 656 3409 18
674 3358 766 3410 anob
784 3361 802 3408 ἡ
823 3359 849 3409 Ρ
925 3359 956 3408 19
974 3357 1020 3407 ulo
1038 3359 1066 3406 ni

93 3424 174 3486 fallor
190 3416 225 3472 B'
293 3428 326 3477 21
344 3423 458 3490 duphcir
475 3431 503 3474 ut
519 3426 571 3476 uid.
590 3416 624 3474 B'
692 3426 726 3478 25
743 3426 843 3493 mpmiu
861 3426 887 3474 B
955 3426 988 3476 26
1006 3424 1066 3474 letir

96 3490 202 3556 ahquid
219 3493 245 3542 P
311 3495 345 3544 28
363 3493 460 3558 sydera
478 3493 503 3542 P

1077 3136 1083 3151 1
