2362 3878
472 217 495 280 1,
520 207 612 261 3—12
964 199 1028 266 573

61 368 113 433 uel
128 369 241 452 quibus
257 368 459 433 obseruanda
480 367 583 431 modis
605 389 672 432 non
693 367 790 432 facile
811 368 1028 452 deprehende·

60 454 127 535 bat,
153 474 287 536 cumque
311 475 384 516 enm
398 453 519 516 frustra
534 455 646 517 tantae
669 456 799 536 tamque
821 474 959 518 arcanae
980 454 1028 519 rei

61 539 213 602 diuturna
235 538 401 622 inquisitio
416 537 583 622 fatigaret,
607 536 674 601 fors
696 537 816 602 obtulit
837 538 922 622 quod
943 539 1028 623 cogi-

59 624 141 687 tatio
164 623 230 686 alta
252 645 319 687 non
341 623 492 707 repperit.
538 643 610 686 cum
633 623 720 686 enim
742 643 818 686 casu
839 623 1065 707 praeteriret9

34 709 95 771 sin
117 707 246 790 publico
268 707 375 771 fabros
397 707 539 791 ignitum
560 706 681 770 sermm
702 707 820 771 ictibus
835 706 1027 790 mollientes,

60 793 96 855 in
111 813 202 856 aures
218 793 286 856 eins
301 791 489 855 malleorum
511 791 582 856 soni
605 794 692 856 certo
715 791 776 855 sibi
798 791 1028 875 respondentes

60 876 170 940 ordine
198 880 331 960 repente
361 876 558 960 ceciderunt,
594 876 629 939 in
657 876 771 960 quibus
799 876 846 940 ita
874 877 1029 961 grauitati

61 961 209 1025 acumina
234 961 457 1026 consonabant
478 963 514 1025 ut
535 964 706 1045 utrumque
727 961 768 1025 ad
783 961 943 1026 audientis
959 983 1029 1026 sen-

60 1068 130 1108 sum
153 1049 276 1111 statuta
298 1045 496 1110 dimensione
518 1049 675 1110 remcaret
697 1048 729 1110 et
751 1068 789 1110 ex
811 1047 910 1110 uariis
924 1047 1029 1130 inpul-

22 1150 47 1189 1o
61 1131 148 1194 sibus
177 1153 277 1195 unum
306 1130 369 1194 sibi
398 1151 579 1195 consonans
608 1134 804 1195 nasceretur.
849 1130 903 1195 hic
939 1153 1029 1195 occa·
1040 1131 1081 1195 10

61 1215 184 1279 sionem
207 1216 269 1279 sibi
291 1215 435 1279 oblatam
456 1218 545 1279 ratus
568 1214 779 1299 deprehendit
801 1215 901 1280 oculis
917 1219 949 1280 et
964 1237 1028 1280 ma-

59 1299 155 1364 nibus
178 1300 262 1383 quod
282 1300 358 1364 olim
380 1302 577 1386 cogitatione
598 1300 782 1384 quaerebat.
826 1299 935 1364 fabros
962 1300 1030 1364 adit

61 1386 94 1448 et
115 1385 277 1448 inminens
299 1385 389 1468 operi
412 1385 566 1449 curiosius
587 1385 731 1450 intuetur
753 1385 912 1449 adnotans
934 1406 1030 1449 sonos

61 1469 115 1551 qui
138 1468 176 1531 de
192 1469 392 1552 singulorum
406 1469 537 1534 lacertis
554 1470 816 1535 conficiebantur.
861 1490 940 1553 quos
957 1491 1029 1533 cum

23 1573 48 1611 15
60 1553 245 1616 ferientium
267 1553 389 1617 uiribus
411 1554 637 1619 adscribendos
659 1557 798 1639 putaret,
820 1555 911 1618 iubet
924 1557 961 1618 ut
981 1554 1030 1618 in-

60 1641 110 1700 ter
138 1659 171 1700 se
199 1637 363 1701 malleolos
395 1641 531 1703 mutent.
570 1639 684 1722 quibus
714 1640 847 1703 mutatis
879 1660 1030 1703 sonorum

62 1722 231 1786 diuersitas
260 1722 301 1785 ab
328 1721 511 1787 hominibus
539 1723 691 1787 recedens
724 1721 887 1786 malleolos
921 1744 1030 1806 seque-

61 1808 166 1871 batur.
211 1810 290 1872 tunc
310 1828 430 1871 omnen
453 1829 562 1871 curam
589 1807 629 1869 ad
655 1807 797 1890 pondera
826 1827 935 1870 eorum
958 1806 1080 1870 exa-ll

61 1891 215 1955 minanda
244 1892 404 1955 conuertit
442 1911 575 1974 cumque
610 1890 671 1953 sibi
704 1890 924 1954 diuersitatem
951 1911 1031 1973 pon·

24 1996 49 2036 ao
62 1976 145 2039 deris
173 1975 256 2059 quod
284 1974 464 2039 habebatur
490 1975 525 2038 in
554 1973 690 2059 singulis
723 1975 924 2057 adnotasset,
959 1974 1030 2040 aliis

62 2060 257 2143 ponderibus
279 2060 314 2123 in
337 2059 440 2123 maius
461 2060 609 2123 minusne
625 2058 851 2123 excedentibus
865 2058 935 2122 fieri
950 2059 1030 2123 mal-

63 2144 161 2209 leolos
195 2145 369 2228 imperauit
407 2165 542 2227 quorum
576 2143 693 2208 ictibus
723 2143 792 2208 soni
827 2164 1030 2228 nequaquam

62 2229 221 2312 prioribus
249 2228 369 2293 similes
396 2251 457 2294 nec
484 2229 531 2292 ita
558 2228 621 2292 sibi
649 2231 862 2293 consonantes
886 2229 1030 2293 exaudie-

62 2315 143 2378 bant
185 2366 191 2380 .
236 2317 315 2379 tuno
342 2313 572 2379 animaduertit
602 2313 804 2378 concordiam
835 2314 923 2377 uocis
958 2313 1030 2411 lege
1042 2314 1082 2378 12

24 2418 49 2459 25
62 2399 239 2482 ponderum
265 2399 435 2484 prouenire
469 2398 674 2482 collectisque
705 2397 853 2462 omnibus
880 2420 1030 2481 numeris,

63 2485 176 2567 quibus
199 2485 404 2550 consentiens
426 2484 487 2548 sibi
511 2483 680 2548 diuersitas
694 2483 872 2567 ponderum
888 2483 1031 2548 contine·

64 2569 168 2650 batur,
193 2591 231 2632 ex
253 2570 377 2634 malleis
393 2570 433 2634 ad
448 2569 527 2633 fides
548 2569 647 2633 uertit
667 2589 802 2632 examen
825 2571 857 2633 et
876 2567 1031 2632 intestina

63 2653 172 2716 ouium
198 2653 250 2717 uel
276 2656 373 2720 boum
399 2676 516 2719 neruos
542 2657 611 2718 tam
636 2654 735 2718 uariis
762 2652 956 2736 ponderibus
982 2653 1031 2716 in-

62 2736 172 2820 ligatis
200 2738 339 2802 tetendit
372 2739 480 2822 qualia
512 2739 546 2802 in
578 2737 703 2802 malleis
720 2736 835 2802 ‘fuisse
862 2737 1028 2822 didicerat,

25 2840 50 2880 ao
63 2821 200 2906 talisque
229 2843 268 2886 ex
294 2822 345 2886 his
374 2826 548 2887 concentus
571 2823 681 2887 euenit
708 2823 835 2907 qualem
862 2822 950 2906 prior
977 2824 1030 2887 ob-

133 3046 146 3093 1
165 3043 347 3109 deprehendit
363 3044 389 3094 B
474 3045 629 3112 2archanq
649 3045 672 3094 B
752 3044 915 3096 3d1uturna
936 3061 982 3096 om.
1001 3039 1034 3096 P'

64 3114 80 3162 6
99 3113 193 3164 ordine
212 3112 411 3177 respondentes
424 3112 450 3162 B
501 3114 517 3164 8
533 3113 685 3165 e'sonabant
703 3127 833 3165 acumina
850 3112 876 3162 B
927 3115 943 3164 9
961 3113 1032 3164 stata

64 3180 90 3230 B
143 3186 170 3231 et
189 3180 426 3232 exeamas
477 3180 679 3246 impulsrbulB
747 3182 779 3230 12
798 3180 908 3232 frabros
923 3182 947 3230 P
1000 3183 1032 3232 13

64 3249 210 3299 imminens
224 3247 274 3299 PB
326 3249 357 3300 15
377 3248 566 3300 asscribendos
579 3249 604 3298 B
658 3253 731 3299 mter
748 3248 775 3299 fe
794 3248 860 3298 utB
913 3251 945 3301 18
956 3265 1032 3317 pom·

65 3316 132 3365 dere
149 3311 183 3367 P'
250 3319 282 3366 21
301 3315 418 3367 malleos
431 3316 457 3365 P
505 3319 538 3368 23
558 3317 740 3369 consonantes
754 3316 805 3366 libr
822 3316 849 3365 B
902 3317 1033 3367 exaudre·

66 3383 149 3434 batur
166 3382 200 3435 P‘
265 3386 300 3435 24
318 3385 539 3436 aenimaduertrt
555 3384 581 3434 B
649 3387 683 3436 25
701 3383 827 3437 ommbuf
841 3400 886 3434 om.
906 3383 932 3433 B
1000 3387 1032 3435 27

65 3453 100 3502 ad
119 3467 151 3501 ex
169 3452 257 3504 addi
275 3469 327 3518 ap
397 3453 432 3504 ad
450 3445 549 3504 om.B'
616 3455 650 3504 28
668 3455 704 3505 ad
719 3466 821 3503 neruos
838 3453 900 3505 cdd.
918 3451 930 3500 l
948 3452 997 3504 bos
1014 3470 1033 3519 p

132 3519 252 3585 rllrgatrs
265 3521 290 3570 B
360 3525 393 3574 30
411 3520 560 3573 contentus
573 3515 606 3571 F
808 3540 812 3549 ¹
