2362 3878
118 154 182 219 580
523 167 618 214 iisni
641 168 667 213 11

118 322 196 386 hinc
224 320 325 385 oritur
352 315 409 382 did
435 316 551 402 πέντε,
587 322 739 403 quattuor
772 319 811 383 ad
843 320 908 384 tria
942 324 1097 407 epitritus

119 427 270 472 numerus
293 407 351 488 est,
375 425 414 468 ex
435 402 497 468 hoo
520 404 712 487 conponitur
726 401 782 468 did
796 405 994 492 τεσσάρωνς
1018 409 1097 474 item

119 492 271 576 quattuor
299 489 339 552 ad
366 510 467 552 unum
494 488 530 552 in
557 487 727 572 quadrupli
753 490 879 554 ratione
905 497 1095 578 censentur,

71 573 160 640 19ex
187 595 248 658 quo
276 571 467 658 symphonia
501 572 552 648 dle
579 569 635 636 did
663 578 782 637 πασῶν
810 577 970 640 nascitur.
1019 600 1096 664 ergo

119 658 231 725 mundi
258 659 382 741 anima,
412 679 492 742 quae
526 657 715 722 admotum
743 657 803 725 hoc
829 659 914 744 quod
946 663 1120 728 uidemusi

120 744 341 809 uniuersitatis
365 763 478 826 eorpus
500 741 639 826 inpellit,
663 745 814 808 contexta
836 747 982 810 numeris
997 749 1097 812 musi-

121 851 192 895 cam
220 828 258 892 de
288 849 321 892 se
351 827 535 892 creantibus
563 826 801 892 concinentiam
828 850 962 895 necesse
987 835 1040 896 est
1062 836 1097 898 ut

120 934 215 978 sonos
236 913 375 976 musicos
397 912 435 975 de
458 914 546 976 motu
573 932 667 996 quem
695 912 824 996 proprio
846 914 1098 1000 inpulsupree·

120 1000 186 1062 stat
208 997 346 1080 efficiat,
375 1018 510 1080 quorum
532 996 690 1082 originem
711 998 747 1061 iii
768 997 893 1063 fabrica
916 1021 995 1065 suae
1021 1023 1096 1067 oon-

69 1079 274 1147 rossilionis
300 1081 437 1146 inuenit.
483 1081 530 1145 ait
558 1081 645 1145 enim
671 1080 780 1164 Plato,
809 1085 846 1159 ut
872 1105 971 1167 supra
992 1090 1096 1152 rettu-
1109 1105 1128 1145 ιο

120 1167 225 1264 limus,
248 1169 410 1263 auctorem
433 1166 560 1263 animae
583 1166 676 1230 deum
696 1169 770 1264 post
782 1189 992 1266 numerorum
1008 1171 1097 1236 inter

69 1250 777 1400 21ttssttlttttlttttttttlt
792 1255 982 1421 {tttttl
997 1277 1097 1405 ult

120 1419 302 1485 doctissime
325 1417 448 1482 Tullius
475 1419 509 1481 in
537 1420 644 1483 uerbis
672 1420 738 1485 suis
765 1421 908 1485 ostendit
929 1421 1096 1490 Platonici

120 1503 281 1588 dogmatis
295 1501 558 1586 profunditatem.
582 1504 676 1588 quid
697 1504 776 1588 hic,
802 1506 980 1590 inquam,
1004 1511 1129 1594 quisu

121 1591 181 1653 est
208 1587 274 1671 qui
308 1608 380 1651 cori
413 1586 471 1651 let
505 1608 619 1652 aures
647 1610 752 1654 meas
779 1593 918 1654 tantus
949 1596 987 1657 et
1017 1598 1096 1659 tam

121 1672 249 1737 dulcis
265 1609 408 1736 sonusl
450 1671 608 1756 hicest,
632 1673 779 1757 inquit,
802 1674 873 1739 ille
889 1676 1097 1759 quiinter-

120 1756 499 1821 uallis'disiunctus
526 1757 747 1841 imparibus
773 1759 840 1823 sed
866 1762 1000 1826 tamen
1025 1786 1096 1847 pro

121 1845 209 1906 rata
244 1845 360 1926 parte
395 1842 552 1907 ratione
588 1843 813 1926 distinctis,
849 1844 1035 1932 inpulsu!
1060 1852 1097 1913 et

69 1922 229 1990 22motu
256 1927 434 2010 ipsorum
460 1927 611 1992 orbium
633 1927 827 1992 efficitur.
872 1929 963 1993 uides
986 1934 1027 1996 ut
1048 1934 1132 1997 in-ai

57 2048 60 2057 .
120 2009 258 2075 tsrualla
281 2015 508 2076 commemorat
530 2015 563 2076 et
584 2010 664 2077 haec
684 2013 772 2076 inter
799 2034 833 2077 se
848 2012 1000 2098 'imparia
1026 2039 1096 2082 esse

120 2096 259 2160 testatur
285 2117 346 2160 nec
379 2096 536 2162 diffitetur
567 2100 639 2161 rata
666 2097 791 2162 ratione
827 2097 983 2164 distincte
1018 2103 1097 2186 quia

120 2179 294 2245 secundum
315 2180 482 2247 Timaeum
503 2181 649 2246 Platonis
675 2182 847 2266 imparium
873 2183 961 2247 inter
988 2206 1025 2250 se
1048 2187 1098 2251 iii·

120 2265 258 2329 terualla
285 2287 491 2331 numerorum
518 2268 598 2331 ratis
626 2266 666 2330 ad
688 2289 722 2331 se
744 2267 900 2350 numeris,
929 2267 1097 2336 hemioliis

122 2349 246 2414 scilicet
267 2349 406 2434 epitritis
429 2355 462 2415 et
483 2351 635 2436 epogdois
662 2351 910 2436 hemitoniisque
932 2353 1096 2421 distincta
1110 2372 1134 2413 2⁵

70 2431 212 2518 23suns,
241 2434 355 2518 quibus
383 2436 487 2498 omnis
517 2456 635 2500 canora
662 2437 744 2500 ratio
774 2437 967 2502 continetur.
1015 2439 1098 2506 hiric

71 2561 80 2579 .
122 2520 208 2583 enim
224 2518 491 2583 animaduertitur
512 2520 587 2601 quia
605 2519 685 2584 haec
705 2522 804 2585 uerba
819 2521 984 2587 Ciceronis
998 2545 1098 2590 num-

122 2625 217 2700 quam
239 2601 384 2686 profecto
407 2602 448 2665 ed
474 2601 675 2667 intellectum
701 2609 851 2689 paterent
878 2606 941 2671 nisi
971 2605 1098 2676 hemio-

102 2687 236 2763 ¹horum
258 2685 459 2769 epitritorum
481 2689 514 2750 et
535 2688 749 2774 epogdcorum
763 2692 888 2755 ratione
902 2695 1098 2779 praemissa,

121 2771 236 2856 quibus
258 2768 430 2835 interualla
450 2793 655 2838 numerorum
676 2775 830 2840 distincta
852 2779 942 2858 sunt,
972 2780 1006 2841 et
1029 2781 1099 2845 nisi
1113 2798 1136 2838 ao

191 2996 205 3043 1
224 2992 371 3056 drepente
389 2993 438 3043 PB
507 2998 522 3045 2
541 3003 714 3062 componitur
731 2998 778 3047 dia
795 2999 933 3049 tellaroiis
952 2999 978 3048 P
1048 3003 1098 3054 dia

122 3060 243 3111 tellaron
261 3059 341 3124 (corn
354 3077 390 3112 ee
407 3061 454 3112 dia
471 3063 601 3130 talleron)
614 3064 640 3113 B
691 3068 707 3116 3
726 3065 850 3117 censetis
861 3067 887 3116 B
938 3068 955 3116 4
973 3066 1098 3135 simpho-

122 3127 208 3178 niaB
259 3126 302 3177 dil
317 3127 459 3194 diapason
472 3130 521 3179 PB
572 3135 658 3197 tque
676 3132 812 3185 admodi'i
829 3136 860 3194 P,
879 3134 892 3184 l
910 3150 961 3200 que
981 3135 1018 3184 ad
1037 3155 1097 3189 mo-

121 3200 180 3246 tum
199 3196 297 3261 add.p
354 3197 507 3263 timpsllit
526 3198 573 3249 PB
623 3201 768 3252 numerisf
781 3202 807 3251 P
872 3202 1025 3266 timpulfu
1044 3207 1097 3256 PB

121 3262 202 3330 9er
219 3256 315 3314 om.B'
365 3266 397 3315 10
415 3269 457 3315 ait
475 3281 521 3317 om.
535 3258 569 3316 P'
618 3258 758 3319 rettuliiii*
770 3270 802 3335 P,
821 3269 965 3322 retulimus
979 3270 1005 3320 B
1064 3279 1097 3326 12

121 3330 270 3381 hemiolius
282 3331 314 3382 B·
377 3334 409 3382 16
428 3333 547 3398 complet
563 3335 590 3383 P
639 3338 671 3387 17
689 3329 828 3402 inquidP‘
881 3341 912 3389 19
930 3339 1051 3404 impulsu
1069 3343 1098 3393 B

122 3400 156 3448 22
173 3397 310 3451 diffitetur
325 3407 433 3467 praeter
450 3400 502 3452 diff
516 3405 543 3453 ta
553 3405 678 3458 ras.2'aP
726 3407 760 3456 24
777 3405 910 3457 uumeriif
924 3406 1049 3461 emioliis
1063 3404 1100 3461 P'

122 3467 155 3515 27
174 3481 246 3518 emm
265 3485 313 3524 om.
331 3469 357 3519 B
426 3471 459 3521 30
474 3484 648 3522 numerorum
666 3473 772 3524 deletum
789 3476 815 3524 in
832 3475 864 3539 P,
883 3490 931 3529 om.
949 3474 975 3524 B
