2362 3878
521 186 574 252 xi,
597 178 671 231 1-9
995 172 1060 239 283

137 339 274 423 experti:
296 341 444 402 reuocate
468 338 592 402 animos
613 340 833 423 maestumque
854 341 1003 406 timorem

137 423 271 488 mittite:
294 423 405 488 forsan
429 424 562 488 ethaeo
584 423 660 487 olim
682 424 866 489 meminisse
886 425 1022 491 iuuabit.

137 499 165 573 oi
185 510 296 592 φίλοι,
321 505 362 572 οὐ
384 506 450 591 γάρ
472 506 526 573 aci
547 531 579 572 τι
601 511 717 573 κακῶν
739 504 927 592 ἀδαήμονές
950 512 1057 595 εἰμεν·
1075 511 1095 577 6

136 589 177 658 οὐ
199 593 262 676 μὲν
285 590 326 676 δή
349 592 426 658 τόδε
448 597 560 676 μεῖζον
580 594 636 657 ἔπι
651 593 775 676 κακόν,
797 591 890 678 ήὸτε
906 595 1058 676 Κύκλωψ
1158 639 1161 642 «

67 696 80 737 5
137 681 220 742 εἴλει
244 677 296 742 ἐνὶ
318 681 400 762 σπήι
422 679 588 784 γλαφυρῷ
611 681 801 764 κραιερήφι
821 680 937 764 βίῃφι·

136 760 227 869 citii
245 759 300 826 καὶ
323 764 426 827 ἔνθεν
449 762 512 847 ἐμῇ
534 766 637 911 αρετῇ
658 764 767 867 βουλή
790 786 826 828 τε
847 763 917 870 voca
939 785 975 828 τε

13 935 15 939 ’
93 849 431 996 Ἧῖζήξυγκᾞμεζοσήιζί
446 851 1059 998 ήήέιηωήζῃξῑιζήήξᾙαινὲήὼησωε
1076 935 1094 999 7

93 1017 147 1081 hic
169 1016 210 1080 ad
232 1016 423 1100 sperandam
444 1016 625 1101 praesentis
646 1017 724 1081 mali
746 1017 980 1083 absolutionem
1005 1039 1059 1116 ge·
1136 1070 1140 1083 ,

56 1121 175 1251 10311111}
203 1123 294 1165 casus
321 1101 469 1166 hortatur
497 1103 624 1166 euentu.
669 1102 784 1167 deinde
811 1102 867 1168 ille
894 1103 1059 1167 obscurius

115 1209 160 1250 nu

296 1272 356 1335 καί
374 1291 442 1336 που
462 1269 571 1336 τῶνδε
593 1269 784 1355 μνήσεσθαι
807 1268 884 1354 ὀίω,

94 1356 148 1420 hio
170 1355 311 1440 apertius

136 1439 247 1504 forsan
270 1443 302 1504 et
324 1441 404 1505 haec
427 1441 503 1504 olim
525 1439 709 1505 meminisse
730 1440 866 1506 iuuabit.

55 1545 80 1585 15
93 1526 149 1590 sed
177 1528 209 1589 et
235 1526 297 1590 hoo
325 1525 410 1608 quod
430 1528 539 1590 uester
561 1525 678 1590 adiecit
700 1525 811 1591 solacii
832 1525 976 1590 fortioris
1000 1524 1095 1590 est8

93 1632 167 1675 suos
190 1610 277 1674 enim
298 1631 365 1674 non
387 1612 517 1674 tantum
539 1610 683 1695 exemplo
706 1609 865 1675 euadendi
883 1610 939 1675 sed
955 1613 988 1675 et
1002 1632 1059 1698 spe

92 1695 222 1759 futurae
254 1695 422 1760 felicitatis
455 1695 628 1780 animauit,
663 1716 722 1779 per
753 1695 811 1760 hos
839 1695 966 1760 labores
992 1717 1060 1760 non

93 1779 195 1844 solum
223 1780 313 1844 sedes
340 1780 465 1864 quietas
493 1779 549 1845 scd
577 1782 609 1844 et
630 1801 733 1865 regna
754 1779 957 1865 promittens.
1002 1776 1097 1845 hos9

93 1885 217 1949 quoque
238 1886 350 1930 uersus
372 1864 533 1948 inspicere
554 1863 635 1929 libet

55 1969 81 2009 eo
137 1971 174 2014 ac
196 1951 298 2014 ueluti
320 1951 452 2013 summis
475 1948 545 2013 anti
567 1970 641 2012 uam
663 1949 699 2012 in
721 1948 883 2012 montibus
905 1969 1022 2012 ornum

138 2055 209 2098 omn
230 2034 315 2099 ferro
338 2033 478 2098 accisam
499 1970 681 2118 oreirisque
702 2032 899 2118 bipennibus
921 2034 1028 2096 actam

137 2140 247 2184 eruere
270 2142 289 2183 a
332 2118 431 2183 'colae
454 2117 618 2183 certatim:
641 2117 699 2181 illa
720 2138 821 2201 usque
843 2117 986 2181 minatur

137 2208 170 2268 et
191 2207 292 2270 treme
308 2205 382 2268 acta
405 2223 530 2267 comam
552 2223 707 2268 concusso
729 2201 851 2267 uertice
872 2202 970 2265 nutat

136 2288 322 2354 uulneribus
345 2289 446 2353 donec
468 2286 626 2372 paulatim
647 2287 754 2352 euicta
777 2307 961 2384 supremum

56 2393 81 2433 ιι
138 2374 323 2459 congemuit
343 2373 507 2458 traxitque
528 2371 615 2458 iugis
638 2371 750 2436 auulsa
771 2392 909 2437 rumam.

790 2453 805 2479 Ἃ

160 2479 236 2543 ocae
259 2457 291 2522 δ’
315 2455 361 2535 ὥς
382 2456 439 2523 ὅτε
461 2480 511 2535 τις
533 2458 617 2541 δρῦς
638 2454 761 2563 ήρινιεν
781 2480 804 2607 Ξ
827 2452 969 2539 ἄχερωίς

135 2481 174 2690 {t
196 2545 295 2619 πίτυς
316 2543 478 2628 βλωθρή,
500 2540 597 2626 τήντ’
620 2557 740 2626 ονρεσι
763 2564 780 2606 ι
798 2562 915 2617 κτονες
937 2537 1061 2624 ἄνδρες

157 2625 297 2710 ξέταμον
319 2627 495 2693 πελέκεσσι
517 2626 653 2712 νεήκεσι
674 2625 773 2710 νήιον
796 2620 894 2691 εἶναι.

140 2456 158 2479 θΙ

95 2730 215 2794 magno
244 2711 331 2776 cultu
358 2715 465 2777 uester
487 2712 712 2779 difficultatem
734 2710 947 2776 abscidendae
969 2707 1060 2773 arbo·

57 2815 83 2855 oo
96 2795 477 2943 Ξῗῖἓῖνιᾶἷλέῖίἓῆξῗεείλ,
500 2818 612 2862 uerum
630 2795 720 2862 nullo
741 2796 873 2881 negotio
888 2793 1061 2858 Homerica

163 3050 248 3104 30d.
267 3065 286 3114 μ
303 3052 353 3102 208
438 3052 471 3103 20
488 3049 555 3101 Aen.
574 3051 603 3102 II
620 3051 670 3102 626
739 3052 823 3105 2611.
843 3048 864 3101 Ν
884 3052 943 3103 389.
963 3047 1060 3102 Π482

95 3213 597 3355 catusio..ottb⁶³⁸⁰is
613 3217 979 3352 successuris
1028 3222 1061 3336 λ

96 3350 308 3476 ausser?
337 3429 370 3479 a
387 3354 615 3478 serebia.
635 3351 797 3488 <bita
817 3350 1063 3486 sufflati

98 3487 189 3543 ΚΕΕΕΙ
208 3494 233 3542 Ρ
360 3496 363 3501 ’
