2362 3878
155 172 218 236 320
577 187 673 234 maru
691 187 715 233 v

153 341 248 405 uenio
275 362 357 437 quae
390 339 429 403 de
458 339 653 437 Graecarum
686 340 867 437 litterarum
900 341 1120 423 penetralibus

155 429 245 490 eruta
272 425 370 522 nullis
399 426 531 509 cognrta
558 427 634 488 sunt
661 425 733 522 nisi
747 447 802 508 qur
823 423 982 522 §traceam
1005 425 1121 489 doctri-

153 509 947 679 salluis..scrutabundus
967 513 1122 658 titul

154 679 265 743 doetus
286 682 323 743 ut
344 679 446 743 multa
467 679 670 743 transtulerit
684 700 765 762 quae
780 679 865 743 unde
879 681 1039 743 translata
1054 681 1121 743 sint
1134 702 1146 740 a

118 764 285 913 2plifficile
307 764 350 828 sit
373 763 515 848 cognitu.
552 764 589 827 in
610 764 739 827 exordio
762 761 992 849 Georgicorum
1013 766 1121 847 posuit

177 871 212 913 os
234 870 345 913 uersus

197 934 294 998 Liber
317 935 349 997 et
371 933 456 997 alma
479 932 591 1016 Ocres,
615 936 722 997 uestro
744 934 772 997 si
794 955 927 997 munere
949 933 1043 997 tellus

196 1018 373 1085 Chaoniam
394 1017 510 1102 pingui
532 1017 684 1103 glandem
705 1019 843 1082 mutauit
865 1019 980 1101 arista,

195 1103 373 1187 poculaque
395 1103 538 1167 inuentis
560 1102 715 1167 Acheloia
737 1104 867 1167 miscuit
887 1104 968 1167 uuis.
1134 1124 1159 1162 10

118 1188 235 1252 3nihil
256 1189 292 1252 in
313 1187 364 1251 his
386 1187 531 1252 uersibus
553 1189 836 1272 grammaticorum
855 1189 966 1253 cohors
983 1187 1120 1271 discipu-

94 1340 97 1344 ,
152 1273 193 1337 lis
216 1274 281 1337 suis
303 1273 440 1356 amplius
462 1272 597 1337 tradidit
617 1273 681 1337 nisi
708 1273 786 1337 illud
810 1295 907 1356 opera
930 1272 1053 1339 Cereris
1076 1273 1120 1335 ef-

153 1358 274 1422 fectum
301 1361 340 1421 ut
366 1356 511 1421 homines
539 1358 581 1422 ab
609 1358 740 1442 antiquo
762 1359 852 1422 uictu
874 1358 1066 1423 desisterent
1089 1361 1121 1421 et

152 1442 315 1506 frumento
348 1463 406 1525 pro
437 1442 609 1527 glandibus
641 1445 826 1526 uterentur,
861 1443 1012 1508 Liberum
1044 1464 1120 1506 uero

154 1528 231 1591 uitis
258 1531 454 1609 repertorem
481 1527 680 1611 praestitisse
712 1527 854 1592 humano
885 1527 975 1612 potui
1008 1527 1121 1591 uinum
1135 1545 1158 1585 15

155 1612 206 1676 oui
239 1633 322 1694 aqua
352 1612 590 1678 admisceretur.
636 1634 692 1677 our
720 1616 827 1678 autem
854 1612 1033 1678 Acheloum
1056 1635 1120 1675 am·

153 1718 228 1760 nem
255 1696 457 1780 potissimum
478 1696 642 1783 Vergilius
670 1720 740 1763 eum
769 1719 885 1781 aquam
906 1696 1005 1761 uellet
1026 1698 1077 1761 int
1096 1698 1120 1759 l-

153 1780 235 1866 legi,
259 1781 437 1846 nominarit
463 1803 558 1846 nemo
586 1782 638 1847 uel
661 1782 787 1866 quaerit
814 1782 867 1846 uel
894 1783 1025 1847 omnino
1048 1783 1120 1845 sub-

118 1870 223 1933 4esse
256 1865 376 1951 aliquid
409 1866 598 1932 eruditionis
631 1869 822 1952 suspicatur.
867 1889 926 1932 nos
959 1867 991 1930 id
1025 1866 1120 1930 altius

154 1951 289 2015 scrutati
316 1952 602 2017 animaduertimus
631 1953 760 2018 doctum
786 1955 915 2038 poetam
938 1952 1119 2036 antiquissi-
1133 1971 1158 2010 20

153 2057 278 2100 morum
311 2035 506 2101 Graecorum
538 2059 626 2103 more
663 2038 746 2104 sicut
784 2038 911 2102 docebit
947 2036 1121 2102 auctoritas

154 2120 331 2204 elocutum,
355 2123 441 2206 apud
462 2144 540 2207 quos
560 2123 689 2207 proprie
710 2125 745 2188 in
768 2145 890 2208 aquae
913 2122 1120 2207 significatio-

153 2228 228 2270 nem
249 2207 431 2290 ponebatur
452 2207 663 2272 Achelous.
700 2230 804 2292 neque
826 2207 858 2272 id
880 2207 1010 2271 frustra.
1044 2229 1120 2269 nam

155 2312 251 2355 causa
283 2313 408 2378 quoque
441 2293 508 2357 eius
540 2294 587 2357 rei
620 2315 691 2359 eum
720 2314 796 2356 cura
823 2293 927 2355 relata
955 2294 1013 2354 est.
1065 2291 1121 2352 sed

153 2376 339 2460 priusquam
367 2399 495 2442 oausam
522 2398 716 2461 proponam,
750 2375 830 2440 illud
863 2375 995 2457 antiquo
1024 2377 1120 2456 poeta
1134 2394 1159 2434 25

152 2464 234 2525 teste
261 2463 448 2527 monstrabo
475 2461 562 2526 hunc
588 2482 708 2526 morem
734 2459 885 2542 loquendi
906 2460 1120 2542 peruagatum

117 2545 250 2613 bfuisse
266 2549 303 2610 ut
316 2547 495 2611 Acheloum
517 2566 575 2629 pro
597 2543 710 2630 qoauis
733 2564 816 2626 aqua
839 2543 992 2606 dicerent.
1037 2543 1120 2606 Aar-

154 2647 357 2696 snornanns
367 2635 459 2695 uetus
475 2630 614 2694 comicus
629 2627 664 2692 in
681 2628 843 2693 comoedia
855 2627 996 2693 Oceano
1012 2629 1058 2692 sio
1074 2628 1120 2692 ait

440 2727 551 2814 ἤμουν
573 2725 694 2813 ἄγριον

195 2817 300 2900 βάρος
321 2854 364 2863 —-
385 2812 522 2899 ἤγειρεν
543 2813 608 2897 γάρ
630 2816 686 2879 τοί
705 2811 742 2898 μ’
766 2810 858 2892 οἶνος
883 2854 918 2862 -
1133 2835 1158 2874 ao

196 2898 238 2965 οὐ
260 2897 356 2983 μίξας
377 2897 467 2984 πῶμ’
487 2896 647 2986 Ἀχελῴῳ.

199 3106 337 3225 10894l⁷erg
357 3104 456 3173 Georg.
475 3107 521 3157 17
625 3110 659 3158 29
680 3106 815 3158 Meinekii
836 3107 936 3175 fragm.
956 3123 1023 3157 com.
1043 3105 1118 3170 11,a

153 3191 179 3240 p.

222 3337 414 3397 101nu1usP'
499 3347 532 3395 22
551 3345 689 3410 eloquurr'r
707 3345 733 3396 P
817 3347 850 3395 28
873 3343 964 3395 eotalo
987 3345 1012 3393 P
1087 3346 1120 3395 30

155 3428 482 3498 usellPeNTaPOlNoc
501 3427 679 3482 ΟΥΜΕΙΖΛ(
695 3425 961 3483 ΠΟΜΛΛΧΕΛωω·
981 3429 1121 3494 grauabar

139 3500 173 3545 P
238 3503 275 3551 13
291 3496 376 3565 μίξας
394 3499 477 3568 πῶμ’
493 3501 600 3566 scripsi,
621 3497 699 3562 πόμα
719 3495 796 3562 μίξας
815 3499 904 3549 lanius
